<?xml version="1.0" encoding="UTF-8"?>
<!DOCTYPE html PUBLIC "-//W3C//DTD XHTML 1.0 Transitional//EN"
    "http://www.w3.org/TR/xhtml1/DTD/xhtml1-transitional.dtd">
<html xmlns="http://www.w3.org/1999/xhtml" xml:lang="en" lang="en">
 <head>
  <title>
</title>
<meta http-equiv="Content-Type" content="text/html;charset=utf-8" />
  <meta name='ocr-system' content='tesseract 3.04.00' />
  <meta name='ocr-capabilities' content='ocr_page ocr_carea ocr_par ocr_line ocrx_word'/>
</head>
<body>
  <div class='ocr_page' id='page_1' title='image "./mtvlliciceronisc00ciceuoft/mtvlliciceronisc00ciceuoft_0159.png"; bbox 0 0 1786 2780; ppageno 0'>
   <div class='ocr_carea' id='block_1_1' title="bbox 514 154 1214 188">
    <p class='ocr_par' dir='ltr' id='par_1_1' title="bbox 514 154 1214 188">
     <span class='ocr_line' id='line_1_1' title="bbox 514 154 1214 188; baseline -0.004 0"><span class='ocrx_word' id='word_1_1' title='bbox 514 155 634 188; x_wconf 91' lang='lat' dir='ltr'>CATO</span> <span class='ocrx_word' id='word_1_2' title='bbox 665 154 821 187; x_wconf 89' lang='lat' dir='ltr'>MAIOR</span> <span class='ocrx_word' id='word_1_3' title='bbox 851 155 916 187; x_wconf 93' lang='lat' dir='ltr'><strong>DE</strong></span> <span class='ocrx_word' id='word_1_4' title='bbox 947 154 1214 186; x_wconf 85' lang='lat' dir='ltr'>SENECTVTE</span> 
     </span>
    </p>
   </div>
   <div class='ocr_carea' id='block_1_2' title="bbox 1435 153 1598 196">
    <p class='ocr_par' dir='ltr' id='par_1_2' title="bbox 1435 153 1598 196">
     <span class='ocr_line' id='line_1_2' title="bbox 1435 153 1598 196; baseline 0 -10"><span class='ocrx_word' id='word_1_5' title='bbox 1435 153 1473 196; x_wconf 64' lang='grc' dir='ltr'><strong>[ς</strong></span> <span class='ocrx_word' id='word_1_6' title='bbox 1491 154 1598 186; x_wconf 86' lang='lat'>81-82</span> 
     </span>
    </p>
   </div>
   <div class='ocr_carea' id='block_1_3' title="bbox 129 262 1595 321">
    <p class='ocr_par' dir='ltr' id='par_1_3' title="bbox 129 262 1595 321">
     <span class='ocr_line' id='line_1_3' title="bbox 129 262 1595 321; baseline -0.003 -13"><span class='ocrx_word' id='word_1_7' title='bbox 129 271 211 316; x_wconf 89' lang='lat' dir='ltr'><strong>tes,</strong></span> <span class='ocrx_word' id='word_1_8' title='bbox 243 266 320 321; x_wconf 91' lang='lat' dir='ltr'><strong>qui</strong></span> <span class='ocrx_word' id='word_1_9' title='bbox 359 265 476 307; x_wconf 85' lang='lat' dir='ltr'><strong>hanc</strong></span> <span class='ocrx_word' id='word_1_10' title='bbox 510 277 687 306; x_wconf 89' lang='lat' dir='ltr'><strong>omnem</strong></span> <span class='ocrx_word' id='word_1_11' title='bbox 725 262 1098 317; x_wconf 90' lang='lat' dir='ltr'><strong>pulchritudinem</strong></span> <span class='ocrx_word' id='word_1_12' title='bbox 1135 270 1314 305; x_wconf 88' lang='lat' dir='ltr'><strong>tuentur</strong></span> <span class='ocrx_word' id='word_1_13' title='bbox 1345 270 1389 305; x_wconf 88' lang='lat' dir='ltr'><strong>et</strong></span> <span class='ocrx_word' id='word_1_14' title='bbox 1424 269 1595 317; x_wconf 90' lang='lat' dir='ltr'><strong>regunt,</strong></span> 
     </span>
    </p>
   </div>
   <div class='ocr_carea' id='block_1_4' title="bbox 130 332 1276 387">
    <p class='ocr_par' dir='ltr' id='par_1_4' title="bbox 130 332 1276 387">
     <span class='ocr_line' id='line_1_4' title="bbox 130 332 1276 387; baseline -0.002 -11"><span class='ocrx_word' id='word_1_15' title='bbox 130 334 388 376; x_wconf 89' lang='lat' dir='ltr'>memoriam</span> <span class='ocrx_word' id='word_1_16' title='bbox 419 333 559 375; x_wconf 88' lang='lat' dir='ltr'>nostri</span> <span class='ocrx_word' id='word_1_17' title='bbox 590 332 662 387; x_wconf 91' lang='lat' dir='ltr'><strong>pie</strong></span> <span class='ocrx_word' id='word_1_18' title='bbox 686 332 986 386; x_wconf 84' lang='lat' dir='ltr'>inviolateque</span> <span class='ocrx_word' id='word_1_19' title='bbox 1017 332 1276 374; x_wconf 74' lang='lat' dir='ltr'><strong>servabitiss</strong></span> 
     </span>
    </p>
   </div>
   <div class='ocr_carea' id='block_1_5' title="bbox 1339 333 1598 389">
    <p class='ocr_par' dir='ltr' id='par_1_5' title="bbox 1339 333 1598 389">
     <span class='ocr_line' id='line_1_5' title="bbox 1339 333 1598 389; baseline -0.008 -14"><span class='ocrx_word' id='word_1_20' title='bbox 1339 333 1483 389; x_wconf 89' lang='lat' dir='ltr'><strong>Cyrus</strong></span> <span class='ocrx_word' id='word_1_21' title='bbox 1509 333 1598 387; x_wconf 93' lang='lat' dir='ltr'><strong>qui-</strong></span> 
     </span>
    </p>
   </div>
   <div class='ocr_carea' id='block_1_6' title="bbox 81 401 1599 803">
    <p class='ocr_par' dir='ltr' id='par_1_6' title="bbox 81 401 1599 803">
     <span class='ocr_line' id='line_1_6' title="bbox 81 401 1409 455; baseline -0.002 -10"><span class='ocrx_word' id='word_1_22' title='bbox 81 408 86 412; x_wconf 83' lang='grc'><em>“</em></span> <span class='ocrx_word' id='word_1_23' title='bbox 129 403 231 445; x_wconf 90' lang='lat' dir='ltr'><strong>dem</strong></span> <span class='ocrx_word' id='word_1_24' title='bbox 254 404 364 445; x_wconf 90' lang='lat' dir='ltr'><strong>haec</strong></span> <span class='ocrx_word' id='word_1_25' title='bbox 387 403 604 453; x_wconf 80' lang='lat' dir='ltr'><strong>moriens3</strong></span> <span class='ocrx_word' id='word_1_26' title='bbox 637 415 730 451; x_wconf 91' lang='lat' dir='ltr'><strong>nos,</strong></span> <span class='ocrx_word' id='word_1_27' title='bbox 754 401 791 442; x_wconf 90' lang='lat' dir='ltr'><strong>si</strong></span> <span class='ocrx_word' id='word_1_28' title='bbox 813 401 971 455; x_wconf 88' lang='lat' dir='ltr'><strong>placet,</strong></span> <span class='ocrx_word' id='word_1_29' title='bbox 996 408 1147 442; x_wconf 89' lang='lat' dir='ltr'><strong>nostra</strong></span> <span class='ocrx_word' id='word_1_30' title='bbox 1169 401 1409 444; x_wconf 85' lang='lat' dir='ltr'><strong>videamus.</strong></span> 
     </span>
     <span class='ocr_line' id='line_1_7' title="bbox 188 469 1599 524; baseline -0.001 -10"><span class='ocrx_word' id='word_1_31' title='bbox 188 472 369 514; x_wconf 92' lang='lat' dir='ltr'>XXIII.</span> <span class='ocrx_word' id='word_1_32' title='bbox 412 473 478 514; x_wconf 89' lang='lat'><strong>82.</strong></span> <span class='ocrx_word' id='word_1_33' title='bbox 524 471 672 512; x_wconf 91' lang='lat' dir='ltr'><strong>Nemo</strong></span> <span class='ocrx_word' id='word_1_34' title='bbox 703 483 913 524; x_wconf 89' lang='lat' dir='ltr'><strong>umquam</strong></span> <span class='ocrx_word' id='word_1_35' title='bbox 955 469 1073 518; x_wconf 88' lang='lat' dir='ltr'><strong>mihi,</strong></span> <span class='ocrx_word' id='word_1_36' title='bbox 1116 471 1278 524; x_wconf 88' lang='lat' dir='ltr'>Scipio,</span> <span class='ocrx_word' id='word_1_37' title='bbox 1314 471 1599 524; x_wconf 84' lang='lat' dir='ltr'>persuadebit</span> 
     </span>
     <span class='ocr_line' id='line_1_8' title="bbox 129 539 1599 596; baseline -0.001 -13"><span class='ocrx_word' id='word_1_38' title='bbox 129 547 205 583; x_wconf 88' lang='lat' dir='ltr'><strong>aut</strong></span> <span class='ocrx_word' id='word_1_39' title='bbox 227 547 398 596; x_wconf 88' lang='lat' dir='ltr'><strong>patrem</strong></span> <span class='ocrx_word' id='word_1_40' title='bbox 418 547 543 582; x_wconf 81' lang='lat' dir='ltr'><strong>tuum</strong></span> <span class='ocrx_word' id='word_1_41' title='bbox 567 540 752 581; x_wconf 90' lang='lat' dir='ltr'><strong>Paulum</strong></span> <span class='ocrx_word' id='word_1_42' title='bbox 775 546 852 580; x_wconf 92' lang='lat' dir='ltr'><strong>aut</strong></span> <span class='ocrx_word' id='word_1_43' title='bbox 873 539 984 580; x_wconf 91' lang='lat' dir='ltr'><strong>duos</strong></span> <span class='ocrx_word' id='word_1_44' title='bbox 1007 553 1124 589; x_wconf 91' lang='lat' dir='ltr'><strong>avos,</strong></span> <span class='ocrx_word' id='word_1_45' title='bbox 1151 540 1336 580; x_wconf 90' lang='lat' dir='ltr'><strong>Paulum</strong></span> <span class='ocrx_word' id='word_1_46' title='bbox 1359 546 1403 581; x_wconf 91' lang='lat' dir='ltr'><strong>et</strong></span> <span class='ocrx_word' id='word_1_47' title='bbox 1425 540 1599 582; x_wconf 82' lang='lat' dir='ltr'><strong>Africa-</strong></span> 
     </span>
     <span class='ocr_line' id='line_1_9' title="bbox 129 609 1599 663; baseline -0.001 -11"><span class='ocrx_word' id='word_1_48' title='bbox 129 624 249 661; x_wconf 91' lang='lat' dir='ltr'><strong>num,</strong></span> <span class='ocrx_word' id='word_1_49' title='bbox 279 617 356 651; x_wconf 89' lang='lat' dir='ltr'><strong>aut</strong></span> <span class='ocrx_word' id='word_1_50' title='bbox 389 609 595 651; x_wconf 83' lang='lat' dir='ltr'><strong>Africani</strong></span> <span class='ocrx_word' id='word_1_51' title='bbox 625 615 797 663; x_wconf 87' lang='lat' dir='ltr'><strong>patrem</strong></span> <span class='ocrx_word' id='word_1_52' title='bbox 828 614 906 650; x_wconf 90' lang='lat' dir='ltr'><strong>aut</strong></span> <span class='ocrx_word' id='word_1_53' title='bbox 936 615 1143 662; x_wconf 84' lang='lat' dir='ltr'><strong>patruum</strong></span> <span class='ocrx_word' id='word_1_54' title='bbox 1164 614 1252 650; x_wconf 83' lang='lat' dir='ltr'><strong>‘aut</strong></span> <span class='ocrx_word' id='word_1_55' title='bbox 1284 610 1445 650; x_wconf 87' lang='lat' dir='ltr'><strong>multos</strong></span> <span class='ocrx_word' id='word_1_56' title='bbox 1475 623 1599 663; x_wconf 89' lang='lat' dir='ltr'><strong>prae-</strong></span> 
     </span>
     <span class='ocr_line' id='line_1_10' title="bbox 129 679 1598 733; baseline -0.001 -11"><span class='ocrx_word' id='word_1_57' title='bbox 129 686 298 722; x_wconf 88' lang='lat' dir='ltr'><strong>stantes</strong></span> <span class='ocrx_word' id='word_1_58' title='bbox 329 679 458 728; x_wconf 89' lang='lat' dir='ltr'><strong>viros,</strong></span> <span class='ocrx_word' id='word_1_59' title='bbox 484 692 594 733; x_wconf 90' lang='lat' dir='ltr'><strong>quos</strong></span> <span class='ocrx_word' id='word_1_60' title='bbox 626 691 887 720; x_wconf 88' lang='lat' dir='ltr'><strong>enumerare</strong></span> <span class='ocrx_word' id='word_1_61' title='bbox 917 692 1007 719; x_wconf 92' lang='lat' dir='ltr'><strong>non</strong></span> <span class='ocrx_word' id='word_1_62' title='bbox 1033 685 1101 719; x_wconf 92' lang='lat' dir='ltr'><strong>est</strong></span> <span class='ocrx_word' id='word_1_63' title='bbox 1129 692 1323 729; x_wconf 90' lang='lat' dir='ltr'><strong>necesse,</strong></span> <span class='ocrx_word' id='word_1_64' title='bbox 1346 685 1472 720; x_wconf 90' lang='lat' dir='ltr'><strong>tanta</strong></span> <span class='ocrx_word' id='word_1_65' title='bbox 1499 692 1598 720; x_wconf 91' lang='lat' dir='ltr'><strong>esse</strong></span> 
     </span>
     <span class='ocr_line' id='line_1_11' title="bbox 128 747 1599 803; baseline -0.002 -12"><span class='ocrx_word' id='word_1_66' title='bbox 128 755 324 799; x_wconf 88' lang='lat' dir='ltr'><strong>conatos,</strong></span> <span class='ocrx_word' id='word_1_67' title='bbox 358 762 472 803; x_wconf 90' lang='lat' dir='ltr'><strong>quae</strong></span> <span class='ocrx_word' id='word_1_68' title='bbox 502 748 559 789; x_wconf 87' lang='lat' dir='ltr'><strong>ad</strong></span> <span class='ocrx_word' id='word_1_69' title='bbox 590 747 860 802; x_wconf 84' lang='lat' dir='ltr'><strong>posteritatis</strong></span> <span class='ocrx_word' id='word_1_70' title='bbox 898 748 1157 789; x_wconf 86' lang='lat' dir='ltr'>memoriam</span> <span class='ocrx_word' id='word_1_71' title='bbox 1195 747 1481 802; x_wconf 83' lang='lat' dir='ltr'><strong>pertinerent,</strong></span> <span class='ocrx_word' id='word_1_72' title='bbox 1515 747 1599 789; x_wconf 90' lang='lat' dir='ltr'><strong>nisi</strong></span> 
     </span>
    </p>
   </div>
   <div class='ocr_carea' id='block_1_7' title="bbox 129 816 1457 871">
    <p class='ocr_par' dir='ltr' id='par_1_7' title="bbox 129 816 1457 871">
     <span class='ocr_line' id='line_1_12' title="bbox 129 816 1457 871; baseline -0.001 -12"><span class='ocrx_word' id='word_1_73' title='bbox 129 818 276 859; x_wconf 88' lang='lat' dir='ltr'><strong>animo</strong></span> <span class='ocrx_word' id='word_1_74' title='bbox 307 823 540 860; x_wconf 89' lang='lat' dir='ltr'><strong>cernerent</strong></span> <span class='ocrx_word' id='word_1_75' title='bbox 571 817 877 871; x_wconf 83' lang='lat' dir='ltr'><strong>posteritatem</strong></span> <span class='ocrx_word' id='word_1_76' title='bbox 910 816 966 857; x_wconf 88' lang='lat' dir='ltr'><strong>ad</strong></span> <span class='ocrx_word' id='word_1_77' title='bbox 993 830 1040 858; x_wconf 92' lang='lat' dir='ltr'><strong>se</strong></span> <span class='ocrx_word' id='word_1_78' title='bbox 1071 818 1193 871; x_wconf 91' lang='lat' dir='ltr'><strong>ipsos</strong></span> <span class='ocrx_word' id='word_1_79' title='bbox 1224 818 1457 871; x_wconf 88' lang='lat' dir='ltr'><strong>pertinere.</strong></span> 
     </span>
    </p>
   </div>
   <div class='ocr_carea' id='block_1_8' title="bbox 1521 817 1598 858">
    <p class='ocr_par' dir='ltr' id='par_1_8' title="bbox 1521 817 1598 858">
     <span class='ocr_line' id='line_1_13' title="bbox 1521 817 1598 858; baseline -0.013 0"><span class='ocrx_word' id='word_1_80' title='bbox 1521 817 1598 858; x_wconf 93' lang='lat' dir='ltr'><strong>An</strong></span> 
     </span>
    </p>
   </div>
   <div class='ocr_carea' id='block_1_9' title="bbox 127 886 1599 1010">
    <p class='ocr_par' dir='ltr' id='par_1_9' title="bbox 127 886 1599 1010">
     <span class='ocr_line' id='line_1_14' title="bbox 129 886 1599 941; baseline -0.001 -12"><span class='ocrx_word' id='word_1_81' title='bbox 129 901 297 938; x_wconf 91' lang='lat' dir='ltr'><strong>censes,</strong></span> <span class='ocrx_word' id='word_1_82' title='bbox 322 893 371 929; x_wconf 91' lang='lat' dir='ltr'><strong>ut</strong></span> <span class='ocrx_word' id='word_1_83' title='bbox 391 886 447 928; x_wconf 90' lang='lat' dir='ltr'><strong>de</strong></span> <span class='ocrx_word' id='word_1_84' title='bbox 472 900 544 928; x_wconf 92' lang='lat' dir='ltr'><strong>me</strong></span> <span class='ocrx_word' id='word_1_85' title='bbox 564 887 662 941; x_wconf 93' lang='lat' dir='ltr'><strong>ipse</strong></span> <span class='ocrx_word' id='word_1_86' title='bbox 693 886 859 940; x_wconf 85' lang='lat' dir='ltr'><strong>aliquid</strong></span> <span class='ocrx_word' id='word_1_87' title='bbox 886 899 1006 927; x_wconf 92' lang='lat' dir='ltr'><strong>more</strong></span> <span class='ocrx_word' id='word_1_88' title='bbox 1029 900 1185 927; x_wconf 90' lang='lat' dir='ltr'><strong>senum</strong></span> <span class='ocrx_word' id='word_1_89' title='bbox 1215 886 1388 940; x_wconf 86' lang='lat' dir='ltr'><strong>glorier,</strong></span> <span class='ocrx_word' id='word_1_90' title='bbox 1412 900 1482 928; x_wconf 91' lang='lat' dir='ltr'><strong>me</strong></span> <span class='ocrx_word' id='word_1_91' title='bbox 1507 892 1599 927; x_wconf 87' lang='lat' dir='ltr'><strong>tan·</strong></span> 
     </span>
     <span class='ocr_line' id='line_1_15' title="bbox 127 955 1599 1010; baseline -0.002 -11"><span class='ocrx_word' id='word_1_92' title='bbox 127 963 198 999; x_wconf 92' lang='lat' dir='ltr'><strong>tos</strong></span> <span class='ocrx_word' id='word_1_93' title='bbox 230 956 402 998; x_wconf 89' lang='lat' dir='ltr'><strong>labores</strong></span> <span class='ocrx_word' id='word_1_94' title='bbox 423 956 606 997; x_wconf 92' lang='lat' dir='ltr'><strong>diurnos</strong></span> <span class='ocrx_word' id='word_1_95' title='bbox 627 962 957 1010; x_wconf 91' lang='lat' dir='ltr'><strong>nocturnosque</strong></span> <span class='ocrx_word' id='word_1_96' title='bbox 980 956 1100 997; x_wconf 89' lang='lat' dir='ltr'><strong>domi</strong></span> <span class='ocrx_word' id='word_1_97' title='bbox 1131 955 1400 1010; x_wconf 85' lang='lat' dir='ltr'><strong>militiaeque</strong></span> <span class='ocrx_word' id='word_1_98' title='bbox 1424 969 1599 1009; x_wconf 91' lang='lat' dir='ltr'><strong>suscep-</strong></span> 
     </span>
    </p>
   </div>
   <div class='ocr_carea' id='block_1_10' title="bbox 126 1076 832 1224">
    <p class='ocr_par' dir='ltr' id='par_1_10' title="bbox 126 1076 832 1224">
     <span class='ocr_line' id='line_1_16' title="bbox 128 1076 832 1128; baseline -0.003 -11"><span class='ocrx_word' id='word_1_99' title='bbox 128 1081 218 1117; x_wconf 89' lang='lat' dir='ltr'><strong>than</strong></span> <span class='ocrx_word' id='word_1_100' title='bbox 243 1079 485 1126; x_wconf 82' lang='lat' dir='ltr'><strong>Xenophon&#39;s</strong></span> <span class='ocrx_word' id='word_1_101' title='bbox 512 1077 579 1127; x_wconf 75' lang='grc' dir='ltr'><strong>τὴν</strong></span> <span class='ocrx_word' id='word_1_102' title='bbox 600 1077 690 1128; x_wconf 84' lang='grc' dir='ltr'>ἐμὴν</span> <span class='ocrx_word' id='word_1_103' title='bbox 710 1076 832 1127; x_wconf 82' lang='grc' dir='ltr'>ψυχὴν</span> 
     </span>
     <span class='ocr_line' id='line_1_17' title="bbox 129 1130 831 1182; baseline -0.006 -12"><span class='ocrx_word' id='word_1_104' title='bbox 129 1130 398 1181; x_wconf 82' lang='grc' dir='ltr'>καταιδούμενοι</span> <span class='ocrx_word' id='word_1_105' title='bbox 418 1134 494 1182; x_wconf 74' lang='lat' dir='ltr'><strong>(Le.</strong></span> <span class='ocrx_word' id='word_1_106' title='bbox 516 1133 535 1176; x_wconf 64' lang='grc' dir='ltr'>ᾗ</span> <span class='ocrx_word' id='word_1_107' title='bbox 551 1133 730 1178; x_wconf 88' lang='lat'><strong>22).—8.</strong></span> <span class='ocrx_word' id='word_1_108' title='bbox 750 1134 831 1176; x_wconf 87' lang='lat' dir='ltr'><strong>pul-</strong></span> 
     </span>
     <span class='ocr_line' id='line_1_18' title="bbox 126 1187 830 1224; baseline -0.001 -1"><span class='ocrx_word' id='word_1_109' title='bbox 126 1188 390 1224; x_wconf 80' lang='lat' dir='ltr'><strong>chritudinem:</strong></span> <span class='ocrx_word' id='word_1_110' title='bbox 439 1187 600 1223; x_wconf 85' lang='lat' dir='ltr'><strong>abstract</strong></span> <span class='ocrx_word' id='word_1_111' title='bbox 643 1187 700 1222; x_wconf 87' lang='lat' dir='ltr'><strong>for</strong></span> <span class='ocrx_word' id='word_1_112' title='bbox 743 1198 830 1222; x_wconf 91' lang='lat' dir='ltr'><strong>con-</strong></span> 
     </span>
    </p>
   </div>
   <div class='ocr_carea' id='block_1_11' title="bbox 77 1240 829 1286">
    <p class='ocr_par' dir='ltr' id='par_1_11' title="bbox 77 1240 829 1286">
     <span class='ocr_line' id='line_1_19' title="bbox 77 1240 829 1286; baseline -0.004 -8"><span class='ocrx_word' id='word_1_113' title='bbox 77 1244 79 1246; x_wconf 79' lang='grc'><strong>’</strong></span> <span class='ocrx_word' id='word_1_114' title='bbox 129 1248 246 1286; x_wconf 80' lang='lat' dir='ltr'><strong>erete3</strong></span> <span class='ocrx_word' id='word_1_115' title='bbox 301 1241 465 1276; x_wconf 84' lang='lat' dir='ltr'><strong>mundus</strong></span> <span class='ocrx_word' id='word_1_116' title='bbox 509 1252 582 1276; x_wconf 87' lang='lat' dir='ltr'><strong>was</strong></span> <span class='ocrx_word' id='word_1_117' title='bbox 623 1240 687 1276; x_wconf 90' lang='lat' dir='ltr'><strong>the</strong></span> <span class='ocrx_word' id='word_1_118' title='bbox 727 1240 829 1275; x_wconf 89' lang='lat' dir='ltr'><strong>usual</strong></span> 
     </span>
    </p>
   </div>
   <div class='ocr_carea' id='block_1_12' title="bbox 126 1294 832 2468">
    <p class='ocr_par' dir='ltr' id='par_1_12' title="bbox 127 1294 831 1611">
     <span class='ocr_line' id='line_1_20' title="bbox 127 1294 829 1341; baseline -0.004 -10"><span class='ocrx_word' id='word_1_119' title='bbox 127 1295 228 1331; x_wconf 91' lang='lat' dir='ltr'><strong>word</strong></span> <span class='ocrx_word' id='word_1_120' title='bbox 247 1294 415 1341; x_wconf 82' lang='grc' dir='ltr'>(κόσμος,</span> <span class='ocrx_word' id='word_1_121' title='bbox 430 1294 486 1330; x_wconf 89' lang='lat' dir='ltr'><strong>for</strong></span> <span class='ocrx_word' id='word_1_122' title='bbox 504 1294 631 1335; x_wconf 88' lang='lat' dir='ltr'><strong>which,</strong></span> <span class='ocrx_word' id='word_1_123' title='bbox 651 1294 829 1338; x_wconf 90' lang='lat' dir='ltr'><strong>however,</strong></span> 
     </span>
     <span class='ocr_line' id='line_1_21' title="bbox 127 1344 827 1394; baseline -0.004 -10"><span class='ocrx_word' id='word_1_124' title='bbox 127 1348 340 1394; x_wconf 81' lang='lat' dir='ltr'><strong>Xenophon</strong></span> <span class='ocrx_word' id='word_1_125' title='bbox 353 1347 420 1383; x_wconf 89' lang='lat' dir='ltr'><strong>has</strong></span> <span class='ocrx_word' id='word_1_126' title='bbox 437 1344 538 1389; x_wconf 79' lang='grc' dir='ltr'>τάξις</span> <span class='ocrx_word' id='word_1_127' title='bbox 551 1347 589 1382; x_wconf 92' lang='lat' dir='ltr'><strong>in</strong></span> <span class='ocrx_word' id='word_1_128' title='bbox 603 1347 675 1382; x_wconf 90' lang='lat' dir='ltr'><strong>this</strong></span> <span class='ocrx_word' id='word_1_129' title='bbox 688 1348 827 1393; x_wconf 87' lang='lat' dir='ltr'><strong>place).</strong></span> 
     </span>
     <span class='ocr_line' id='line_1_22' title="bbox 128 1400 829 1445; baseline -0.003 -8"><span class='ocrx_word' id='word_1_130' title='bbox 128 1407 216 1437; x_wconf 87' lang='lat'><strong>—8.</strong></span> <span class='ocrx_word' id='word_1_131' title='bbox 244 1403 411 1437; x_wconf 81' lang='lat' dir='ltr'><strong>tuentur:</strong></span> <span class='ocrx_word' id='word_1_132' title='bbox 439 1400 730 1445; x_wconf 89' lang='lat' dir='ltr'><strong>cf.77,12.—9.</strong></span> <span class='ocrx_word' id='word_1_133' title='bbox 758 1411 829 1435; x_wconf 88' lang='lat' dir='ltr'><strong>ser-</strong></span> 
     </span>
     <span class='ocr_line' id='line_1_23' title="bbox 128 1454 831 1491; baseline -0.004 0"><span class='ocrx_word' id='word_1_134' title='bbox 128 1457 285 1491; x_wconf 83' lang='lat' dir='ltr'><strong>vabitis:</strong></span> <span class='ocrx_word' id='word_1_135' title='bbox 334 1456 398 1491; x_wconf 90' lang='lat' dir='ltr'><strong>the</strong></span> <span class='ocrx_word' id='word_1_136' title='bbox 434 1455 523 1490; x_wconf 89' lang='lat' dir='ltr'><strong>mild</strong></span> <span class='ocrx_word' id='word_1_137' title='bbox 563 1454 769 1490; x_wconf 90' lang='lat' dir='ltr'><strong>command.</strong></span> <span class='ocrx_word' id='word_1_138' title='bbox 783 1475 831 1480; x_wconf 90' lang='lat'>—</span> 
     </span>
     <span class='ocr_line' id='line_1_24' title="bbox 131 1508 827 1554; baseline -0.001 -9"><span class='ocrx_word' id='word_1_139' title='bbox 131 1522 183 1545; x_wconf 83' lang='grc' dir='ltr'><strong>ιο.</strong></span> <span class='ocrx_word' id='word_1_140' title='bbox 211 1512 356 1546; x_wconf 82' lang='lat' dir='ltr'><strong>nostra:</strong></span> <span class='ocrx_word' id='word_1_141' title='bbox 382 1510 442 1544; x_wconf 61' lang='lat' dir='ltr'><strong>tle.</strong></span> <span class='ocrx_word' id='word_1_142' title='bbox 459 1510 604 1544; x_wconf 88' lang='lat' dir='ltr'><strong>Roman</strong></span> <span class='ocrx_word' id='word_1_143' title='bbox 622 1508 827 1554; x_wconf 85' lang='lat' dir='ltr'><strong>examples;</strong></span> 
     </span>
     <span class='ocr_line' id='line_1_25' title="bbox 129 1563 545 1611; baseline -0.007 -12"><span class='ocrx_word' id='word_1_144' title='bbox 129 1564 175 1600; x_wconf 88' lang='lat' dir='ltr'><strong>cf.</strong></span> <span class='ocrx_word' id='word_1_145' title='bbox 198 1574 251 1608; x_wconf 90' lang='lat'><strong>12,</strong></span> <span class='ocrx_word' id='word_1_146' title='bbox 268 1575 311 1611; x_wconf 90' lang='lat'><strong>9:</strong></span> <span class='ocrx_word' id='word_1_147' title='bbox 338 1563 545 1598; x_wconf 87' lang='lat' dir='ltr'><strong>domestica.</strong></span> 
     </span>
    </p>

    <p class='ocr_par' dir='ltr' id='par_1_13' title="bbox 126 1617 832 2468">
     <span class='ocr_line' id='line_1_26' title="bbox 174 1617 829 1662; baseline -0.002 -10"><span class='ocrx_word' id='word_1_148' title='bbox 174 1619 240 1652; x_wconf 83' lang='lat'><strong>82.</strong></span> <span class='ocrx_word' id='word_1_149' title='bbox 268 1629 300 1652; x_wconf 84' lang='lat'><strong>2.</strong></span> <span class='ocrx_word' id='word_1_150' title='bbox 325 1619 469 1662; x_wconf 84' lang='lat' dir='ltr'><strong>patrem</strong></span> <span class='ocrx_word' id='word_1_151' title='bbox 486 1643 495 1651; x_wconf 90' lang='lat'><em>.</em></span> <span class='ocrx_word' id='word_1_152' title='bbox 513 1642 522 1651; x_wconf 86' lang='lat'><strong>.</strong></span> <span class='ocrx_word' id='word_1_153' title='bbox 539 1642 548 1650; x_wconf 87' lang='lat'><strong>.</strong></span> <span class='ocrx_word' id='word_1_154' title='bbox 565 1619 756 1661; x_wconf 84' lang='lat' dir='ltr'><strong>patruum:</strong></span> <span class='ocrx_word' id='word_1_155' title='bbox 784 1617 829 1653; x_wconf 86' lang='lat' dir='ltr'><strong>cf.</strong></span> 
     </span>
     <span class='ocr_line' id='line_1_27' title="bbox 129 1671 829 1719; baseline -0.003 -11"><span class='ocrx_word' id='word_1_156' title='bbox 129 1682 184 1719; x_wconf 91' lang='lat'><strong>29,</strong></span> <span class='ocrx_word' id='word_1_157' title='bbox 202 1682 245 1716; x_wconf 78' lang='lat'><strong>43</strong></span> <span class='ocrx_word' id='word_1_158' title='bbox 273 1681 329 1718; x_wconf 84' lang='grc'><strong>75,</strong></span> <span class='ocrx_word' id='word_1_159' title='bbox 341 1671 384 1716; x_wconf 79' lang='lat'><strong>63</strong></span> <span class='ocrx_word' id='word_1_160' title='bbox 411 1671 455 1707; x_wconf 87' lang='lat' dir='ltr'><strong>cf.</strong></span> <span class='ocrx_word' id='word_1_161' title='bbox 468 1671 586 1707; x_wconf 89' lang='lat' dir='ltr'><strong>Index</strong></span> <span class='ocrx_word' id='word_1_162' title='bbox 603 1671 645 1708; x_wconf 93' lang='lat' dir='ltr'><strong>of</strong></span> <span class='ocrx_word' id='word_1_163' title='bbox 658 1673 829 1714; x_wconf 90' lang='lat' dir='ltr'><strong>Persons,</strong></span> 
     </span>
     <span class='ocr_line' id='line_1_28' title="bbox 127 1725 830 1767; baseline 0 -7"><span class='ocrx_word' id='word_1_164' title='bbox 127 1738 199 1761; x_wconf 87' lang='lat' dir='ltr'><strong>s.v.</strong></span> <span class='ocrx_word' id='word_1_165' title='bbox 227 1725 428 1761; x_wconf 86' lang='lat' dir='ltr'><strong>Cornelius.</strong></span> <span class='ocrx_word' id='word_1_166' title='bbox 442 1738 530 1767; x_wconf 83' lang='lat'><strong>—4.</strong></span> <span class='ocrx_word' id='word_1_167' title='bbox 556 1728 661 1761; x_wconf 85' lang='lat' dir='ltr'><strong>tanta</strong></span> <span class='ocrx_word' id='word_1_168' title='bbox 678 1736 757 1760; x_wconf 85' lang='lat' dir='ltr'><strong>esse</strong></span> <span class='ocrx_word' id='word_1_169' title='bbox 773 1735 830 1760; x_wconf 92' lang='lat' dir='ltr'><strong>co-</strong></span> 
     </span>
     <span class='ocr_line' id='line_1_29' title="bbox 127 1779 827 1823; baseline -0.001 -8"><span class='ocrx_word' id='word_1_170' title='bbox 127 1782 254 1815; x_wconf 76' lang='lat' dir='ltr'><strong>natos:</strong></span> <span class='ocrx_word' id='word_1_171' title='bbox 281 1779 328 1815; x_wconf 87' lang='lat' dir='ltr'><strong>cf.</strong></span> <span class='ocrx_word' id='word_1_172' title='bbox 354 1783 476 1814; x_wconf 87' lang='lat' dir='ltr'><strong>tantos</strong></span> <span class='ocrx_word' id='word_1_173' title='bbox 496 1780 644 1822; x_wconf 86' lang='lat' dir='ltr'><strong>labores,</strong></span> <span class='ocrx_word' id='word_1_174' title='bbox 666 1780 690 1814; x_wconf 89' lang='lat'><strong>1.</strong></span> <span class='ocrx_word' id='word_1_175' title='bbox 712 1789 752 1823; x_wconf 80' lang='lat'><strong>73</strong></span> <span class='ocrx_word' id='word_1_176' title='bbox 785 1781 827 1814; x_wconf 90' lang='grc' dir='ltr'><strong>Τ.</strong></span> 
     </span>
     <span class='ocr_line' id='line_1_30' title="bbox 128 1833 830 1879; baseline -0.001 -11"><span class='ocrx_word' id='word_1_177' title='bbox 128 1834 177 1868; x_wconf 90' lang='lat' dir='ltr'><strong>D.</strong></span> <span class='ocrx_word' id='word_1_178' title='bbox 208 1843 236 1878; x_wconf 90' lang='lat'><strong>1,</strong></span> <span class='ocrx_word' id='word_1_179' title='bbox 262 1843 398 1878; x_wconf 77' lang='lat'>32-333</span> <span class='ocrx_word' id='word_1_180' title='bbox 431 1835 507 1878; x_wconf 77' lang='lat' dir='ltr'><strong>pro</strong></span> <span class='ocrx_word' id='word_1_181' title='bbox 531 1833 684 1877; x_wconf 79' lang='lat' dir='ltr'><strong>Archia,</strong></span> <span class='ocrx_word' id='word_1_182' title='bbox 711 1843 767 1879; x_wconf 88' lang='lat'><strong>²9·</strong></span> <span class='ocrx_word' id='word_1_183' title='bbox 784 1853 830 1858; x_wconf 93' lang='lat'>—</span> 
     </span>
     <span class='ocr_line' id='line_1_31' title="bbox 128 1886 828 1930; baseline -0.001 -8"><span class='ocrx_word' id='word_1_184' title='bbox 128 1900 160 1930; x_wconf 86' lang='lat'><strong>4.</strong></span> <span class='ocrx_word' id='word_1_185' title='bbox 185 1897 267 1922; x_wconf 81' lang='lat' dir='ltr'><strong>esse</strong></span> <span class='ocrx_word' id='word_1_186' title='bbox 282 1889 450 1922; x_wconf 79' lang='lat' dir='ltr'><strong>conatos:</strong></span> <span class='ocrx_word' id='word_1_187' title='bbox 477 1886 540 1922; x_wconf 87' lang='lat' dir='ltr'><strong>the</strong></span> <span class='ocrx_word' id='word_1_188' title='bbox 556 1887 659 1922; x_wconf 88' lang='lat' dir='ltr'><strong>usual</strong></span> <span class='ocrx_word' id='word_1_189' title='bbox 680 1886 772 1922; x_wconf 83' lang='lat' dir='ltr'><strong>form</strong></span> <span class='ocrx_word' id='word_1_190' title='bbox 790 1886 828 1921; x_wconf 91' lang='lat' dir='ltr'><strong>in</strong></span> 
     </span>
     <span class='ocr_line' id='line_1_32' title="bbox 128 1940 829 1987; baseline -0.001 -10"><span class='ocrx_word' id='word_1_191' title='bbox 128 1941 263 1987; x_wconf 91' lang='lat' dir='ltr'><strong>quoted</strong></span> <span class='ocrx_word' id='word_1_192' title='bbox 277 1941 400 1976; x_wconf 88' lang='lat' dir='ltr'><strong>unreal</strong></span> <span class='ocrx_word' id='word_1_193' title='bbox 419 1940 631 1976; x_wconf 90' lang='lat' dir='ltr'><strong>conclusion</strong></span> <span class='ocrx_word' id='word_1_194' title='bbox 645 1941 765 1976; x_wconf 89' lang='lat' dir='ltr'><strong>would</strong></span> <span class='ocrx_word' id='word_1_195' title='bbox 783 1940 829 1976; x_wconf 92' lang='lat' dir='ltr'><strong>be</strong></span> 
     </span>
     <span class='ocr_line' id='line_1_33' title="bbox 126 1994 826 2041; baseline -0.001 -12"><span class='ocrx_word' id='word_1_196' title='bbox 126 1996 251 2041; x_wconf 66' lang='lat' dir='ltr'><strong>ficzlsse</strong></span> <span class='ocrx_word' id='word_1_197' title='bbox 281 1999 488 2038; x_wconf 85' lang='lat' dir='ltr'><strong>conaturos,</strong></span> <span class='ocrx_word' id='word_1_198' title='bbox 518 1994 603 2029; x_wconf 86' lang='lat' dir='ltr'><strong>with</strong></span> <span class='ocrx_word' id='word_1_199' title='bbox 634 1995 711 2029; x_wconf 84' lang='lat' dir='ltr'><strong>nisi</strong></span> <span class='ocrx_word' id='word_1_200' title='bbox 738 2020 746 2028; x_wconf 93' lang='lat'><strong>.</strong></span> <span class='ocrx_word' id='word_1_201' title='bbox 778 2020 786 2028; x_wconf 89' lang='lat'>.</span> <span class='ocrx_word' id='word_1_202' title='bbox 818 2020 826 2028; x_wconf 86' lang='lat'><strong>.</strong></span> 
     </span>
     <span class='ocr_line' id='line_1_34' title="bbox 127 2047 829 2084; baseline 0 -1"><span class='ocrx_word' id='word_1_203' title='bbox 127 2049 307 2083; x_wconf 69' lang='lat' dir='ltr'><strong>vidissent</strong></span> <span class='ocrx_word' id='word_1_204' title='bbox 332 2047 386 2083; x_wconf 92' lang='lat' dir='ltr'><strong>for</strong></span> <span class='ocrx_word' id='word_1_205' title='bbox 410 2047 474 2083; x_wconf 89' lang='lat' dir='ltr'><strong>the</strong></span> <span class='ocrx_word' id='word_1_206' title='bbox 494 2047 696 2084; x_wconf 90' lang='lat' dir='ltr'><strong>condition.</strong></span> <span class='ocrx_word' id='word_1_207' title='bbox 746 2048 829 2083; x_wconf 89' lang='lat' dir='ltr'><strong>The</strong></span> 
     </span>
     <span class='ocr_line' id='line_1_35' title="bbox 128 2101 829 2147; baseline 0 -11"><span class='ocrx_word' id='word_1_208' title='bbox 128 2101 240 2137; x_wconf 84' lang='lat' dir='ltr'><strong>forms</strong></span> <span class='ocrx_word' id='word_1_209' title='bbox 257 2101 348 2137; x_wconf 88' lang='lat' dir='ltr'><strong>used</strong></span> <span class='ocrx_word' id='word_1_210' title='bbox 374 2101 422 2147; x_wconf 89' lang='lat' dir='ltr'><strong>by</strong></span> <span class='ocrx_word' id='word_1_211' title='bbox 439 2101 568 2137; x_wconf 87' lang='lat' dir='ltr'><strong>Cicero</strong></span> <span class='ocrx_word' id='word_1_212' title='bbox 593 2102 631 2136; x_wconf 92' lang='lat' dir='ltr'><strong>in</strong></span> <span class='ocrx_word' id='word_1_213' title='bbox 656 2101 729 2137; x_wconf 88' lang='lat' dir='ltr'><strong>this</strong></span> <span class='ocrx_word' id='word_1_214' title='bbox 747 2113 829 2137; x_wconf 89' lang='lat' dir='ltr'><strong>sen-</strong></span> 
     </span>
     <span class='ocr_line' id='line_1_36' title="bbox 128 2154 830 2202; baseline -0.001 -12"><span class='ocrx_word' id='word_1_215' title='bbox 128 2160 233 2191; x_wconf 88' lang='lat' dir='ltr'><strong>tence</strong></span> <span class='ocrx_word' id='word_1_216' title='bbox 257 2155 331 2190; x_wconf 90' lang='lat' dir='ltr'><strong>and</strong></span> <span class='ocrx_word' id='word_1_217' title='bbox 356 2155 419 2190; x_wconf 91' lang='lat' dir='ltr'><strong>the</strong></span> <span class='ocrx_word' id='word_1_218' title='bbox 445 2160 531 2190; x_wconf 88' lang='lat' dir='ltr'><strong>next</strong></span> <span class='ocrx_word' id='word_1_219' title='bbox 560 2154 625 2202; x_wconf 90' lang='lat' dir='ltr'><strong>(cf.</strong></span> <span class='ocrx_word' id='word_1_220' title='bbox 648 2157 830 2201; x_wconf 74' lang='lat' dir='ltr'><strong>susceptu-</strong></span> 
     </span>
     <span class='ocr_line' id='line_1_37' title="bbox 128 2208 829 2255; baseline 0.001 -12"><span class='ocrx_word' id='word_1_221' title='bbox 128 2209 356 2255; x_wconf 86' lang='lat' dir='ltr'><strong>rumfuisse,</strong></span> <span class='ocrx_word' id='word_1_222' title='bbox 373 2208 399 2242; x_wconf 92' lang='lat'><strong>1.</strong></span> <span class='ocrx_word' id='word_1_223' title='bbox 419 2209 476 2255; x_wconf 88' lang='lat'><strong>8),</strong></span> <span class='ocrx_word' id='word_1_224' title='bbox 493 2208 595 2244; x_wconf 84' lang='lat' dir='ltr'><strong>show</strong></span> <span class='ocrx_word' id='word_1_225' title='bbox 616 2220 637 2243; x_wconf 89' lang='lat' dir='ltr'><strong>a</strong></span> <span class='ocrx_word' id='word_1_226' title='bbox 654 2208 774 2244; x_wconf 86' lang='lat' dir='ltr'><strong>desire</strong></span> <span class='ocrx_word' id='word_1_227' title='bbox 791 2214 829 2244; x_wconf 94' lang='lat' dir='ltr'><strong>to</strong></span> 
     </span>
     <span class='ocr_line' id='line_1_38' title="bbox 127 2261 825 2308; baseline -0.003 -10"><span class='ocrx_word' id='word_1_228' title='bbox 127 2273 252 2298; x_wconf 89' lang='lat' dir='ltr'><strong>secure</strong></span> <span class='ocrx_word' id='word_1_229' title='bbox 277 2262 425 2308; x_wconf 81' lang='lat' dir='ltr'><strong>variety,</strong></span> <span class='ocrx_word' id='word_1_230' title='bbox 443 2261 527 2305; x_wconf 91' lang='lat' dir='ltr'><strong>and,</strong></span> <span class='ocrx_word' id='word_1_231' title='bbox 547 2262 585 2296; x_wconf 90' lang='lat' dir='ltr'><strong>in</strong></span> <span class='ocrx_word' id='word_1_232' title='bbox 602 2262 664 2298; x_wconf 89' lang='lat' dir='ltr'><strong>the</strong></span> <span class='ocrx_word' id='word_1_233' title='bbox 685 2273 766 2298; x_wconf 88' lang='lat' dir='ltr'><strong>case</strong></span> <span class='ocrx_word' id='word_1_234' title='bbox 784 2261 825 2297; x_wconf 90' lang='lat' dir='ltr'><strong>of</strong></span> 
     </span>
     <span class='ocr_line' id='line_1_39' title="bbox 127 2315 830 2361; baseline -0.003 -10"><span class='ocrx_word' id='word_1_235' title='bbox 127 2316 190 2351; x_wconf 86' lang='lat' dir='ltr'><strong>the</strong></span> <span class='ocrx_word' id='word_1_236' title='bbox 208 2315 352 2361; x_wconf 87' lang='lat' dir='ltr'><strong>Scipios</strong></span> <span class='ocrx_word' id='word_1_237' title='bbox 370 2315 444 2350; x_wconf 90' lang='lat' dir='ltr'><strong>and</strong></span> <span class='ocrx_word' id='word_1_238' title='bbox 463 2315 605 2358; x_wconf 84' lang='lat' dir='ltr'><strong>Paulus,</strong></span> <span class='ocrx_word' id='word_1_239' title='bbox 625 2321 663 2351; x_wconf 90' lang='lat' dir='ltr'><strong>to</strong></span> <span class='ocrx_word' id='word_1_240' title='bbox 681 2315 830 2361; x_wconf 89' lang='lat' dir='ltr'><strong>empha-</strong></span> 
     </span>
     <span class='ocr_line' id='line_1_40' title="bbox 127 2368 832 2415; baseline -0.001 -11"><span class='ocrx_word' id='word_1_241' title='bbox 127 2369 202 2405; x_wconf 90' lang='lat' dir='ltr'><strong>size</strong></span> <span class='ocrx_word' id='word_1_242' title='bbox 234 2374 271 2404; x_wconf 90' lang='lat' dir='ltr'><strong>at</strong></span> <span class='ocrx_word' id='word_1_243' title='bbox 300 2380 393 2405; x_wconf 89' lang='lat' dir='ltr'><strong>once</strong></span> <span class='ocrx_word' id='word_1_244' title='bbox 423 2369 486 2404; x_wconf 89' lang='lat' dir='ltr'><strong>the</strong></span> <span class='ocrx_word' id='word_1_245' title='bbox 515 2369 642 2415; x_wconf 88' lang='lat' dir='ltr'><strong>reality</strong></span> <span class='ocrx_word' id='word_1_246' title='bbox 671 2368 713 2404; x_wconf 90' lang='lat' dir='ltr'><strong>of</strong></span> <span class='ocrx_word' id='word_1_247' title='bbox 737 2368 832 2404; x_wconf 87' lang='lat' dir='ltr'><strong>their</strong></span> 
     </span>
     <span class='ocr_line' id='line_1_41' title="bbox 127 2421 830 2468; baseline -0.001 -10"><span class='ocrx_word' id='word_1_248' title='bbox 127 2422 411 2468; x_wconf 81' lang='lat' dir='ltr'><strong>achievements‚</strong></span> <span class='ocrx_word' id='word_1_249' title='bbox 428 2421 503 2457; x_wconf 90' lang='lat' dir='ltr'><strong>and</strong></span> <span class='ocrx_word' id='word_1_250' title='bbox 526 2422 589 2458; x_wconf 91' lang='lat' dir='ltr'><strong>the</strong></span> <span class='ocrx_word' id='word_1_251' title='bbox 609 2422 830 2468; x_wconf 88' lang='lat' dir='ltr'><strong>persistence</strong></span> 
     </span>
    </p>
   </div>
   <div class='ocr_carea' id='block_1_13' title="bbox 897 1078 1605 2469">
    <p class='ocr_par' dir='ltr' id='par_1_14' title="bbox 897 1078 1605 2469">
     <span class='ocr_line' id='line_1_42' title="bbox 898 1078 1600 1125; baseline 0 -11"><span class='ocrx_word' id='word_1_252' title='bbox 898 1078 943 1114; x_wconf 91' lang='lat' dir='ltr'><strong>of</strong></span> <span class='ocrx_word' id='word_1_253' title='bbox 965 1079 1060 1115; x_wconf 90' lang='lat' dir='ltr'><strong>their</strong></span> <span class='ocrx_word' id='word_1_254' title='bbox 1087 1079 1202 1115; x_wconf 88' lang='lat' dir='ltr'><strong>belief</strong></span> <span class='ocrx_word' id='word_1_255' title='bbox 1225 1079 1288 1125; x_wconf 89' lang='lat' dir='ltr'><strong>(cf.</strong></span> <span class='ocrx_word' id='word_1_256' title='bbox 1317 1079 1457 1125; x_wconf 85' lang='lat' dir='ltr'><strong>imperf.</strong></span> <span class='ocrx_word' id='word_1_257' title='bbox 1480 1090 1600 1114; x_wconf 86' lang='lat' dir='ltr'><strong>cerne-</strong></span> 
     </span>
     <span class='ocr_line' id='line_1_43' title="bbox 898 1132 1599 1179; baseline -0.001 -11"><span class='ocrx_word' id='word_1_258' title='bbox 898 1135 1015 1179; x_wconf 88' lang='lat' dir='ltr'><strong>rent).</strong></span> <span class='ocrx_word' id='word_1_259' title='bbox 1058 1133 1141 1168; x_wconf 91' lang='lat' dir='ltr'><strong>The</strong></span> <span class='ocrx_word' id='word_1_260' title='bbox 1174 1133 1353 1168; x_wconf 90' lang='lat' dir='ltr'><strong>influence</strong></span> <span class='ocrx_word' id='word_1_261' title='bbox 1386 1132 1428 1168; x_wconf 95' lang='lat' dir='ltr'><strong>of</strong></span> <span class='ocrx_word' id='word_1_262' title='bbox 1456 1134 1532 1168; x_wconf 83' lang='lat' dir='ltr'><strong>nisi</strong></span> <span class='ocrx_word' id='word_1_263' title='bbox 1560 1133 1599 1167; x_wconf 90' lang='lat' dir='ltr'><strong>in</strong></span> 
     </span>
     <span class='ocr_line' id='line_1_44' title="bbox 897 1187 1599 1233; baseline -0.001 -11"><span class='ocrx_word' id='word_1_264' title='bbox 897 1187 1208 1222; x_wconf 68' lang='lat' dir='ltr'><strong>without-clauses</strong></span> <span class='ocrx_word' id='word_1_265' title='bbox 1249 1198 1332 1233; x_wconf 90' lang='lat' dir='ltr'><strong>may</strong></span> <span class='ocrx_word' id='word_1_266' title='bbox 1365 1187 1457 1222; x_wconf 89' lang='lat' dir='ltr'><strong>have</strong></span> <span class='ocrx_word' id='word_1_267' title='bbox 1492 1187 1599 1222; x_wconf 89' lang='lat' dir='ltr'><strong>made</strong></span> 
     </span>
     <span class='ocr_line' id='line_1_45' title="bbox 899 1240 1599 1286; baseline 0.001 -12"><span class='ocrx_word' id='word_1_268' title='bbox 899 1240 972 1275; x_wconf 86' lang='lat' dir='ltr'><strong>this</strong></span> <span class='ocrx_word' id='word_1_269' title='bbox 990 1240 1083 1275; x_wconf 88' lang='lat' dir='ltr'><strong>form</strong></span> <span class='ocrx_word' id='word_1_270' title='bbox 1103 1240 1144 1276; x_wconf 86' lang='lat' dir='ltr'><strong>of</strong></span> <span class='ocrx_word' id='word_1_271' title='bbox 1165 1240 1355 1276; x_wconf 90' lang='lat' dir='ltr'><strong>condition</strong></span> <span class='ocrx_word' id='word_1_272' title='bbox 1372 1252 1508 1286; x_wconf 90' lang='lat' dir='ltr'><strong>appear</strong></span> <span class='ocrx_word' id='word_1_273' title='bbox 1526 1240 1599 1276; x_wconf 90' lang='lat' dir='ltr'><strong>less</strong></span> 
     </span>
     <span class='ocr_line' id='line_1_46' title="bbox 899 1293 1596 1340; baseline 0 -12"><span class='ocrx_word' id='word_1_274' title='bbox 899 1294 1070 1340; x_wconf 87' lang='lat' dir='ltr'><strong>irregular</strong></span> <span class='ocrx_word' id='word_1_275' title='bbox 1095 1294 1185 1328; x_wconf 89' lang='lat' dir='ltr'><strong>than</strong></span> <span class='ocrx_word' id='word_1_276' title='bbox 1207 1294 1235 1329; x_wconf 92' lang='lat' dir='ltr'><strong>it</strong></span> <span class='ocrx_word' id='word_1_277' title='bbox 1252 1294 1362 1340; x_wconf 91' lang='lat' dir='ltr'><strong>really</strong></span> <span class='ocrx_word' id='word_1_278' title='bbox 1380 1295 1424 1329; x_wconf 92' lang='lat' dir='ltr'><strong>is.</strong></span> <span class='ocrx_word' id='word_1_279' title='bbox 1476 1293 1532 1330; x_wconf 91' lang='lat' dir='ltr'><strong>Cf.</strong></span> <span class='ocrx_word' id='word_1_280' title='bbox 1554 1295 1596 1329; x_wconf 96' lang='lat' dir='ltr'><strong>L.</strong></span> 
     </span>
     <span class='ocr_line' id='line_1_47' title="bbox 899 1347 1601 1394; baseline 0 -12"><span class='ocrx_word' id='word_1_281' title='bbox 899 1347 1118 1393; x_wconf 70' lang='lat' dir='ltr'><strong>mos—2106,</strong></span> <span class='ocrx_word' id='word_1_282' title='bbox 1150 1358 1259 1393; x_wconf 83' lang='lat'>23323</span> <span class='ocrx_word' id='word_1_283' title='bbox 1291 1349 1335 1382; x_wconf 91' lang='lat' dir='ltr'><strong>G.</strong></span> <span class='ocrx_word' id='word_1_284' title='bbox 1357 1348 1437 1394; x_wconf 86' lang='lat'><strong>659,</strong></span> <span class='ocrx_word' id='word_1_285' title='bbox 1462 1358 1482 1392; x_wconf 92' lang='lat'>3</span> <span class='ocrx_word' id='word_1_286' title='bbox 1503 1359 1601 1382; x_wconf 92' lang='lat' dir='ltr'><strong>n.—</strong></span> 
     </span>
     <span class='ocr_line' id='line_1_48' title="bbox 898 1401 1600 1447; baseline 0.001 -12"><span class='ocrx_word' id='word_1_287' title='bbox 898 1406 932 1435; x_wconf 85' lang='lat'><strong>6.</strong></span> <span class='ocrx_word' id='word_1_288' title='bbox 960 1403 1163 1437; x_wconf 89' lang='lat' dir='ltr'><strong>cernerent:</strong></span> <span class='ocrx_word' id='word_1_289' title='bbox 1191 1401 1237 1437; x_wconf 91' lang='lat' dir='ltr'><strong>ef.</strong></span> <span class='ocrx_word' id='word_1_290' title='bbox 1267 1411 1323 1446; x_wconf 79' lang='lat'><strong>77,</strong></span> <span class='ocrx_word' id='word_1_291' title='bbox 1350 1406 1486 1447; x_wconf 90' lang='lat'><strong>3.—6.</strong></span> <span class='ocrx_word' id='word_1_292' title='bbox 1518 1411 1600 1445; x_wconf 85' lang='lat' dir='ltr'><strong>pos-</strong></span> 
     </span>
     <span class='ocr_line' id='line_1_49' title="bbox 898 1456 1599 1499; baseline 0.001 -9"><span class='ocrx_word' id='word_1_293' title='bbox 898 1457 1085 1491; x_wconf 84' lang='lat' dir='ltr'><strong>teritatem</strong></span> <span class='ocrx_word' id='word_1_294' title='bbox 1094 1458 1140 1490; x_wconf 86' lang='lat' dir='ltr'><strong>ad</strong></span> <span class='ocrx_word' id='word_1_295' title='bbox 1154 1466 1192 1490; x_wconf 88' lang='lat' dir='ltr'><strong>se</strong></span> <span class='ocrx_word' id='word_1_296' title='bbox 1204 1457 1302 1499; x_wconf 88' lang='lat' dir='ltr'><strong>ipsos</strong></span> <span class='ocrx_word' id='word_1_297' title='bbox 1313 1457 1492 1499; x_wconf 87' lang='lat' dir='ltr'><strong>pertinere</strong></span> <span class='ocrx_word' id='word_1_298' title='bbox 1504 1469 1512 1491; x_wconf 88' lang='lat'>:</span> <span class='ocrx_word' id='word_1_299' title='bbox 1526 1456 1599 1491; x_wconf 88' lang='lat' dir='ltr'><strong>this</strong></span> 
     </span>
     <span class='ocr_line' id='line_1_50' title="bbox 899 1510 1599 1556; baseline 0 -12"><span class='ocrx_word' id='word_1_300' title='bbox 899 1516 1090 1556; x_wconf 86' lang='lat' dir='ltr'><strong>argument</strong></span> <span class='ocrx_word' id='word_1_301' title='bbox 1102 1510 1173 1544; x_wconf 90' lang='lat' dir='ltr'><strong>had</strong></span> <span class='ocrx_word' id='word_1_302' title='bbox 1191 1510 1287 1545; x_wconf 90' lang='lat' dir='ltr'><strong>been</strong></span> <span class='ocrx_word' id='word_1_303' title='bbox 1303 1510 1394 1545; x_wconf 87' lang='lat' dir='ltr'><strong>used</strong></span> <span class='ocrx_word' id='word_1_304' title='bbox 1408 1510 1456 1556; x_wconf 93' lang='lat' dir='ltr'><strong>by</strong></span> <span class='ocrx_word' id='word_1_305' title='bbox 1471 1510 1599 1546; x_wconf 87' lang='lat' dir='ltr'><strong>Cicero</strong></span> 
     </span>
     <span class='ocr_line' id='line_1_51' title="bbox 898 1564 1599 1610; baseline 0 -12"><span class='ocrx_word' id='word_1_306' title='bbox 898 1574 939 1598; x_wconf 88' lang='lat' dir='ltr'><strong>as</strong></span> <span class='ocrx_word' id='word_1_307' title='bbox 965 1564 1055 1610; x_wconf 88' lang='lat' dir='ltr'><strong>long</strong></span> <span class='ocrx_word' id='word_1_308' title='bbox 1078 1575 1149 1610; x_wconf 87' lang='lat' dir='ltr'><strong>ago</strong></span> <span class='ocrx_word' id='word_1_309' title='bbox 1170 1575 1210 1599; x_wconf 91' lang='lat' dir='ltr'><strong>as</strong></span> <span class='ocrx_word' id='word_1_310' title='bbox 1236 1564 1293 1598; x_wconf 89' lang='lat' dir='ltr'><strong>his</strong></span> <span class='ocrx_word' id='word_1_311' title='bbox 1319 1564 1542 1609; x_wconf 85' lang='lat' dir='ltr'><strong>consulship,</strong></span> <span class='ocrx_word' id='word_1_312' title='bbox 1561 1564 1599 1598; x_wconf 91' lang='lat' dir='ltr'><strong>in</strong></span> 
     </span>
     <span class='ocr_line' id='line_1_52' title="bbox 899 1617 1596 1664; baseline 0 -12"><span class='ocrx_word' id='word_1_313' title='bbox 899 1617 961 1652; x_wconf 90' lang='lat' dir='ltr'><strong>the</strong></span> <span class='ocrx_word' id='word_1_314' title='bbox 979 1618 1122 1653; x_wconf 88' lang='lat' dir='ltr'><strong>oration</strong></span> <span class='ocrx_word' id='word_1_315' title='bbox 1132 1620 1208 1663; x_wconf 77' lang='lat' dir='ltr'><strong>pro</strong></span> <span class='ocrx_word' id='word_1_316' title='bbox 1223 1618 1377 1652; x_wconf 84' lang='lat' dir='ltr'><strong>Rabirio</strong></span> <span class='ocrx_word' id='word_1_317' title='bbox 1397 1618 1507 1663; x_wconf 80' lang='lat' dir='ltr'><strong>perd.</strong></span> <span class='ocrx_word' id='word_1_318' title='bbox 1531 1628 1596 1664; x_wconf 86' lang='lat'><strong>29:</strong></span> 
     </span>
     <span class='ocr_line' id='line_1_53' title="bbox 898 1671 1600 1717; baseline 0.001 -12"><span class='ocrx_word' id='word_1_319' title='bbox 898 1673 1029 1717; x_wconf 83' lang='lat' dir='ltr'><strong>Itaque</strong></span> <span class='ocrx_word' id='word_1_320' title='bbox 1052 1683 1132 1706; x_wconf 85' lang='lat' dir='ltr'><strong>cum</strong></span> <span class='ocrx_word' id='word_1_321' title='bbox 1153 1671 1278 1705; x_wconf 88' lang='lat' dir='ltr'><strong>multis</strong></span> <span class='ocrx_word' id='word_1_322' title='bbox 1304 1671 1390 1706; x_wconf 73' lang='lat' dir='ltr'><strong>aliis</strong></span> <span class='ocrx_word' id='word_1_323' title='bbox 1413 1672 1457 1706; x_wconf 85' lang='lat' dir='ltr'><strong>de</strong></span> <span class='ocrx_word' id='word_1_324' title='bbox 1480 1673 1600 1706; x_wconf 84' lang='lat' dir='ltr'><strong>causis</strong></span> 
     </span>
     <span class='ocr_line' id='line_1_54' title="bbox 898 1725 1601 1760; baseline -0.001 0"><span class='ocrx_word' id='word_1_325' title='bbox 898 1727 1067 1760; x_wconf 75' lang='lat' dir='ltr'><strong>virorum</strong></span> <span class='ocrx_word' id='word_1_326' title='bbox 1093 1725 1268 1760; x_wconf 84' lang='lat' dir='ltr'><strong>bonorum</strong></span> <span class='ocrx_word' id='word_1_327' title='bbox 1293 1729 1427 1760; x_wconf 83' lang='lat' dir='ltr'><strong>mentes</strong></span> <span class='ocrx_word' id='word_1_328' title='bbox 1450 1726 1601 1760; x_wconf 86' lang='lat' dir='ltr'><strong>divinae</strong></span> 
     </span>
     <span class='ocr_line' id='line_1_55' title="bbox 899 1779 1598 1825; baseline 0 -12"><span class='ocrx_word' id='word_1_329' title='bbox 899 1779 992 1813; x_wconf 72' lang='lat' dir='ltr'><strong>milei</strong></span> <span class='ocrx_word' id='word_1_330' title='bbox 1013 1783 1122 1825; x_wconf 86' lang='lat' dir='ltr'><strong>atque</strong></span> <span class='ocrx_word' id='word_1_331' title='bbox 1137 1783 1309 1813; x_wconf 79' lang='lat' dir='ltr'><strong>aeternae</strong></span> <span class='ocrx_word' id='word_1_332' title='bbox 1325 1779 1501 1814; x_wconf 85' lang='lat' dir='ltr'><strong>videntur</strong></span> <span class='ocrx_word' id='word_1_333' title='bbox 1516 1790 1598 1823; x_wconf 90' lang='lat' dir='ltr'><strong>esse,</strong></span> 
     </span>
     <span class='ocr_line' id='line_1_56' title="bbox 897 1833 1600 1879; baseline 0 -12"><span class='ocrx_word' id='word_1_334' title='bbox 897 1837 977 1867; x_wconf 85' lang='lat' dir='ltr'><strong>tum</strong></span> <span class='ocrx_word' id='word_1_335' title='bbox 1002 1834 1160 1867; x_wconf 80' lang='lat' dir='ltr'><strong>maxime</strong></span> <span class='ocrx_word' id='word_1_336' title='bbox 1183 1833 1282 1878; x_wconf 78' lang='lat' dir='ltr'><em>quod</em></span> <span class='ocrx_word' id='word_1_337' title='bbox 1303 1834 1435 1878; x_wconf 78' lang='lat' dir='ltr'><strong>optimi</strong></span> <span class='ocrx_word' id='word_1_338' title='bbox 1448 1837 1481 1867; x_wconf 90' lang='lat' dir='ltr'><strong>et</strong></span> <span class='ocrx_word' id='word_1_339' title='bbox 1500 1834 1600 1879; x_wconf 81' lang='lat' dir='ltr'><strong>sapi-</strong></span> 
     </span>
     <span class='ocr_line' id='line_1_57' title="bbox 898 1888 1600 1932; baseline 0 -11"><span class='ocrx_word' id='word_1_340' title='bbox 898 1888 1079 1921; x_wconf 84' lang='lat' dir='ltr'><strong>entissimi</strong></span> <span class='ocrx_word' id='word_1_341' title='bbox 1085 1888 1257 1932; x_wconf 81' lang='lat' dir='ltr'><strong>cuiusque</strong></span> <span class='ocrx_word' id='word_1_342' title='bbox 1266 1888 1415 1921; x_wconf 82' lang='lat' dir='ltr'><strong>animus</strong></span> <span class='ocrx_word' id='word_1_343' title='bbox 1425 1888 1479 1921; x_wconf 88' lang='lat' dir='ltr'><strong>ita</strong></span> <span class='ocrx_word' id='word_1_344' title='bbox 1486 1889 1600 1932; x_wconf 79' lang='lat' dir='ltr'><strong>prae-</strong></span> 
     </span>
     <span class='ocr_line' id='line_1_58' title="bbox 898 1940 1604 1986; baseline -0.001 -11"><span class='ocrx_word' id='word_1_345' title='bbox 898 1942 1006 1975; x_wconf 85' lang='lat' dir='ltr'><strong>sentit</strong></span> <span class='ocrx_word' id='word_1_346' title='bbox 1038 1941 1078 1975; x_wconf 86' lang='lat' dir='ltr'><strong>in</strong></span> <span class='ocrx_word' id='word_1_347' title='bbox 1106 1943 1307 1986; x_wconf 80' lang='lat' dir='ltr'><strong>posterum,</strong></span> <span class='ocrx_word' id='word_1_348' title='bbox 1333 1944 1377 1974; x_wconf 87' lang='lat' dir='ltr'><strong>ut</strong></span> <span class='ocrx_word' id='word_1_349' title='bbox 1405 1940 1502 1975; x_wconf 84' lang='lat' dir='ltr'><strong>niln&#39;l</strong></span> <span class='ocrx_word' id='word_1_350' title='bbox 1526 1941 1604 1975; x_wconf 89' lang='lat' dir='ltr'><strong>nisi</strong></span> 
     </span>
     <span class='ocr_line' id='line_1_59' title="bbox 897 1994 1600 2039; baseline 0 -11"><span class='ocrx_word' id='word_1_351' title='bbox 897 1995 1162 2039; x_wconf 79' lang='lat' dir='ltr'><strong>sempiternum</strong></span> <span class='ocrx_word' id='word_1_352' title='bbox 1201 1996 1364 2039; x_wconf 80' lang='lat' dir='ltr'><strong>spectare</strong></span> <span class='ocrx_word' id='word_1_353' title='bbox 1404 1994 1600 2036; x_wconf 78' lang='lat' dir='ltr'><strong>videatur,-</strong></span> 
     </span>
     <span class='ocr_line' id='line_1_60' title="bbox 902 2048 1601 2093; baseline 0 -12"><span class='ocrx_word' id='word_1_354' title='bbox 902 2049 943 2082; x_wconf 90' lang='grc' dir='ltr'><strong>Τ.</strong></span> <span class='ocrx_word' id='word_1_355' title='bbox 963 2049 1012 2082; x_wconf 85' lang='lat' dir='ltr'><strong>l).</strong></span> <span class='ocrx_word' id='word_1_356' title='bbox 1035 2057 1063 2091; x_wconf 88' lang='lat'><strong>1,</strong></span> <span class='ocrx_word' id='word_1_357' title='bbox 1084 2057 1150 2091; x_wconf 88' lang='lat'><strong>32:</strong></span> <span class='ocrx_word' id='word_1_358' title='bbox 1179 2048 1297 2081; x_wconf 89' lang='lat' dir='ltr'><strong>Nemo</strong></span> <span class='ocrx_word' id='word_1_359' title='bbox 1322 2058 1498 2093; x_wconf 85' lang='lat' dir='ltr'><strong>umquam</strong></span> <span class='ocrx_word' id='word_1_360' title='bbox 1521 2049 1601 2082; x_wconf 87' lang='lat' dir='ltr'><strong>sine</strong></span> 
     </span>
     <span class='ocr_line' id='line_1_61' title="bbox 898 2100 1600 2147; baseline 0 -12"><span class='ocrx_word' id='word_1_361' title='bbox 898 2112 1035 2147; x_wconf 83' lang='lat' dir='ltr'><strong>magna</strong></span> <span class='ocrx_word' id='word_1_362' title='bbox 1059 2103 1123 2146; x_wconf 75' lang='lat' dir='ltr'><strong>spe</strong></span> <span class='ocrx_word' id='word_1_363' title='bbox 1154 2100 1435 2135; x_wconf 73' lang='lat' dir='ltr'><strong>inmortalitatis</strong></span> <span class='ocrx_word' id='word_1_364' title='bbox 1462 2111 1500 2135; x_wconf 90' lang='lat' dir='ltr'><strong>se</strong></span> <span class='ocrx_word' id='word_1_365' title='bbox 1525 2103 1600 2146; x_wconf 81' lang='lat' dir='ltr'><strong>pro</strong></span> 
     </span>
     <span class='ocr_line' id='line_1_62' title="bbox 902 2154 1600 2200; baseline -0.001 -11"><span class='ocrx_word' id='word_1_366' title='bbox 902 2156 1035 2200; x_wconf 77' lang='lat' dir='ltr'><strong>patria</strong></span> <span class='ocrx_word' id='word_1_367' title='bbox 1064 2155 1214 2200; x_wconf 64' lang='lat' dir='ltr'><strong>afferret</strong></span> <span class='ocrx_word' id='word_1_368' title='bbox 1242 2154 1297 2188; x_wconf 85' lang='lat' dir='ltr'><strong>ad</strong></span> <span class='ocrx_word' id='word_1_369' title='bbox 1321 2158 1474 2189; x_wconf 88' lang='lat' dir='ltr'><strong>mortem</strong></span> <span class='ocrx_word' id='word_1_370' title='bbox 1486 2165 1498 2196; x_wconf 93' lang='lat'><strong>,·</strong></span> <span class='ocrx_word' id='word_1_371' title='bbox 1525 2156 1600 2200; x_wconf 75' lang='lat' dir='ltr'><strong>pro</strong></span> 
     </span>
     <span class='ocr_line' id='line_1_63' title="bbox 898 2208 1597 2254; baseline 0 -11"><span class='ocrx_word' id='word_1_372' title='bbox 898 2208 1051 2252; x_wconf 85' lang='lat' dir='ltr'><strong>Arclzia,</strong></span> <span class='ocrx_word' id='word_1_373' title='bbox 1075 2218 1263 2254; x_wconf 75' lang='lat'><strong>²9·30·-</strong></span> <span class='ocrx_word' id='word_1_374' title='bbox 1276 2218 1308 2250; x_wconf 89' lang='lat'><strong>7.</strong></span> <span class='ocrx_word' id='word_1_375' title='bbox 1336 2217 1432 2242; x_wconf 86' lang='lat' dir='ltr'><strong>more</strong></span> <span class='ocrx_word' id='word_1_376' title='bbox 1452 2218 1597 2243; x_wconf 85' lang='lat' dir='ltr'><strong>senum:</strong></span> 
     </span>
     <span class='ocr_line' id='line_1_64' title="bbox 899 2261 1601 2308; baseline -0.001 -11"><span class='ocrx_word' id='word_1_377' title='bbox 899 2261 946 2297; x_wconf 91' lang='lat' dir='ltr'><strong>cf.</strong></span> <span class='ocrx_word' id='word_1_378' title='bbox 962 2272 1018 2306; x_wconf 91' lang='lat'><strong>30,</strong></span> <span class='ocrx_word' id='word_1_379' title='bbox 1032 2273 1067 2307; x_wconf 89' lang='lat'><strong>9.</strong></span> <span class='ocrx_word' id='word_1_380' title='bbox 1080 2282 1127 2287; x_wconf 92' lang='lat'>—</span> <span class='ocrx_word' id='word_1_381' title='bbox 1140 2273 1172 2304; x_wconf 92' lang='lat'><strong>7.</strong></span> <span class='ocrx_word' id='word_1_382' title='bbox 1201 2263 1325 2297; x_wconf 86' lang='lat' dir='ltr'><strong>tantos</strong></span> <span class='ocrx_word' id='word_1_383' title='bbox 1342 2263 1503 2296; x_wconf 82' lang='lat' dir='ltr'><strong>labores:</strong></span> <span class='ocrx_word' id='word_1_384' title='bbox 1525 2264 1601 2308; x_wconf 79' lang='lat' dir='ltr'><strong>pro</strong></span> 
     </span>
     <span class='ocr_line' id='line_1_65' title="bbox 898 2315 1598 2351; baseline 0 -2"><span class='ocrx_word' id='word_1_385' title='bbox 898 2316 991 2350; x_wconf 87' lang='lat' dir='ltr'><strong>Rab.</strong></span> <span class='ocrx_word' id='word_1_386' title='bbox 1023 2315 1080 2350; x_wconf 88' lang='lat' dir='ltr'><strong>l.c.</strong></span> <span class='ocrx_word' id='word_1_387' title='bbox 1093 2327 1104 2349; x_wconf 89' lang='grc'><strong>.-</strong></span> <span class='ocrx_word' id='word_1_388' title='bbox 1136 2317 1254 2350; x_wconf 89' lang='lat' dir='ltr'><strong>tantis</strong></span> <span class='ocrx_word' id='word_1_389' title='bbox 1282 2317 1322 2350; x_wconf 85' lang='lat' dir='ltr'><strong>in</strong></span> <span class='ocrx_word' id='word_1_390' title='bbox 1351 2315 1533 2351; x_wconf 85' lang='lat' dir='ltr'><strong>laboribus</strong></span> <span class='ocrx_word' id='word_1_391' title='bbox 1560 2316 1598 2351; x_wconf 87' lang='lat' dir='ltr'><strong>C.</strong></span> 
     </span>
     <span class='ocr_line' id='line_1_66' title="bbox 899 2370 1604 2415; baseline 0.001 -12"><span class='ocrx_word' id='word_1_392' title='bbox 899 2370 1053 2403; x_wconf 83' lang='lat' dir='ltr'><strong>Marius</strong></span> <span class='ocrx_word' id='word_1_393' title='bbox 1085 2370 1333 2415; x_wconf 77' lang='lat' dir='ltr'><strong>periculisque</strong></span> <span class='ocrx_word' id='word_1_394' title='bbox 1369 2371 1532 2413; x_wconf 81' lang='lat' dir='ltr'><strong>vixisset,</strong></span> <span class='ocrx_word' id='word_1_395' title='bbox 1567 2370 1604 2403; x_wconf 89' lang='lat' dir='ltr'><strong>si</strong></span> 
     </span>
     <span class='ocr_line' id='line_1_67' title="bbox 900 2422 1605 2469; baseline 0.001 -13"><span class='ocrx_word' id='word_1_396' title='bbox 900 2422 997 2457; x_wconf 73' lang='lat' dir='ltr'><strong>nihil</strong></span> <span class='ocrx_word' id='word_1_397' title='bbox 1022 2422 1164 2469; x_wconf 76' lang='lat' dir='ltr'><strong>longius</strong></span> <span class='ocrx_word' id='word_1_398' title='bbox 1187 2435 1300 2469; x_wconf 84' lang='lat' dir='ltr'><strong>quam</strong></span> <span class='ocrx_word' id='word_1_399' title='bbox 1325 2424 1425 2457; x_wconf 80' lang='lat' dir='ltr'><strong>vitae</strong></span> <span class='ocrx_word' id='word_1_400' title='bbox 1450 2423 1605 2458; x_wconf 82' lang='lat' dir='ltr'><strong>termini</strong></span> 
     </span>
    </p>
   </div>
   <div class='ocr_carea' id='block_1_14' title="bbox 833 2490 897 2527">
    <p class='ocr_par' dir='ltr' id='par_1_15' title="bbox 833 2490 897 2527">
     <span class='ocr_line' id='line_1_68' title="bbox 833 2490 897 2527; baseline -0.016 0"><span class='ocrx_word' id='word_1_401' title='bbox 833 2490 897 2527; x_wconf 85' lang='lat'><strong>153</strong></span> 
     </span>
    </p>
   </div>
  </div>
 </body>
</html>
