1786 2780
491 170 610 202 CATO
642 170 798 202 MAIOR
830 170 893 201 DE
925 170 1190 202 SENECTVTE

1410 170 1446 212 [5
1466 170 1573 213 75-76

107 280 382 331 Marcellum,
406 281 530 322 cuius
552 280 776 321 interitum
798 294 855 321 ne
876 280 1205 321 crudelissimus
1231 281 1409 335 quidem
1431 281 1572 322 hostis

105 350 272 392 honore
304 350 557 404 sepulturae
588 363 738 391 carere
764 363 922 403 passus
951 356 1028 399 est,
1055 350 1132 390 sed
1159 350 1355 403 legiones
1384 357 1569 400 nostras,
1589 364 1629 388 ιο

105 419 224 473 quod
255 420 412 472 scripsi
443 418 487 459 in
517 418 788 471 Originibus,
811 418 855 459 in
888 432 988 459 eum
1016 419 1161 459 locum
1188 432 1321 472 saepe
1347 419 1572 473 profectas

104 488 239 529 alacri
265 488 411 529 animo
434 494 477 528 et
503 493 650 529 erecto
676 488 794 528 unde
817 501 864 528 se
889 487 1108 528 redituras
1130 501 1373 541 numquam
1395 488 1572 529 arbitra-

103 563 267 598 rentur.

333 556 465 611 Quod
486 557 620 610 igitur
641 557 959 606 adulescentes,
983 563 1027 597 et
1052 556 1093 598 ei
1115 557 1292 610 quidem
1318 571 1407 598 non
1429 558 1571 598 solum

102 626 280 676 indocti,
304 625 383 667 sed
414 626 548 667 etiam
579 626 742 675 rustici,
766 631 1068 675 contemnunt,
1092 625 1137 666 id
1168 625 1285 666 docti
1313 639 1443 667 senes
1469 626 1573 667 exti-

104 701 303 737 mescent
318 695 333 736 ?

162 766 226 815 76.
273 764 481 813 Omnino,
504 771 552 806 ut
573 765 681 806 mihi
702 764 881 819 quidem
902 764 1090 814 videtur,
1109 765 1353 807 studiorum
1376 765 1571 807 omniurn

104 835 282 876 satietas
303 835 420 875 vitae
442 834 550 875 facit
572 835 832 875 satietatem.
890 835 1003 876 Sunt
1026 835 1240 887 pueritiae
1258 834 1404 875 studia
1425 841 1570 885 certa;

103 916 210 944 num
231 903 366 956 igitur
391 916 444 944 ea
465 903 720 944 desiderant
751 903 1090 944 adulescentes?
1123 909 1226 944 sunt
1254 903 1448 944 ineuntis
1470 903 1573 944 adu-

104 972 367 1023 lescentiae;
401 985 507 1013 num
525 986 578 1013 ea
595 979 805 1014 constans
828 972 914 1013 iarn
937 972 1121 1026 requirit
1141 979 1275 1022 aetas,
1296 986 1410 1026 quae
1428 972 1573 1013 media

104 1041 263 1082 dicitur
282 1041 295 1082 ?
328 1047 432 1082 sunt
462 1041 595 1083 etiam
618 1042 712 1083 eius
735 1041 917 1092 aetatis;
950 1055 1006 1082 ne
1028 1055 1081 1082 ea
1103 1041 1279 1095 quidem
1302 1048 1574 1095 quaeruntur
1608 1055 1626 1090 5

104 1142 175 1178 dex
198 1141 242 1178 of
260 1143 431 1186 Persons,
448 1154 520 1177 s.v.
545 1144 581 1177 T
574 1144 804 1178 eremius.—

102 1201 136 1230 8.
164 1197 345 1231 Cannensi
369 1197 589 1239 ignominia:
617 1197 680 1232 the
701 1202 804 1243 great

103 1250 224 1286 defeat
234 1255 272 1285 at
283 1251 433 1286 Cannae
446 1250 485 1284 in
498 1251 640 1296 Apulia,
652 1261 671 1284 2
679 1251 720 1285 16
732 1259 802 1285 B.C.

103 1304 185 1339 The
212 1305 376 1339 Romans
400 1304 473 1340 lost
498 1304 720 1339 somewhere
742 1304 805 1339 be-

102 1363 221 1392 tween
245 1357 323 1403 fifty
346 1357 529 1392 thousand
555 1357 628 1392 and
653 1363 805 1403 seventy

103 1411 289 1446 thousand
306 1422 410 1455 men3
432 1411 531 1457 Livy,
550 1421 605 1454 22,
618 1420 744 1457 47-49.
758 1432 806 1436 —

103 1470 137 1500 8.
163 1466 429 1500 temeritatem:
457 1464 503 1500 cf.
536 1465 636 1510 Livy,
667 1475 722 1507 22,
747 1474 804 1508 40,

104 1529 146 1563 2;
173 1520 220 1555 ib.
239 1529 297 1564 41,
318 1529 331 1554 1
349 1531 357 1564 3
376 1528 433 1563 44,
452 1528 493 1565 5;
521 1518 583 1553 the
607 1518 804 1553 historians

104 1573 251 1609 blamed
267 1575 384 1609 Varro
402 1573 458 1608 for
476 1573 534 1608 his
555 1584 748 1619 eagerness
765 1578 804 1608 to

104 1627 178 1662 risk
203 1639 225 1662 a
248 1627 396 1674 general
422 1632 680 1673 engagement.
735 1628 805 1662 But

103 1681 142 1716 in
160 1683 279 1717 Rome
296 1681 397 1717 there
414 1692 487 1716 was
504 1680 650 1727 general
664 1680 807 1716 discon-

104 1741 182 1771 tent
199 1735 286 1770 with
311 1736 373 1771 the
399 1734 533 1771 former
548 1734 669 1780 policy
686 1734 728 1770 of
746 1746 806 1770 ex-

105 1789 244 1826 cessive
255 1789 411 1825 cantion.
421 1801 504 1831 —9.
518 1789 804 1829 crudelissimus:

105 1855 197 1879 even
215 1843 252 1878 in
274 1843 389 1890 citing
408 1854 431 1878 a
450 1843 608 1878 humane
633 1848 691 1878 act
713 1843 806 1890 (and

105 1904 171 1934 not
196 1898 259 1933 the
284 1898 371 1944 only
387 1909 458 1933 one
480 1897 655 1933 recorded
680 1897 722 1932 of
743 1897 805 1932 the

104 1958 207 1999 great
223 1952 504 1998 Carthaginian)
523 1952 651 1987 Cicero
670 1957 805 1987 cannot

104 2006 223 2053 forget
247 2006 310 2042 the
327 2005 536 2041 traditional
558 2007 703 2041 Roman
725 2005 806 2040 idea

104 2059 147 2096 of
157 2059 376 2095 Hannibal's
387 2059 596 2094 inhumana
607 2059 807 2094 crudelitas

108 2113 230 2160 (Livy,
254 2124 310 2158 21,
331 2123 364 2157 4,
390 2115 563 2160 9).—11.
591 2115 629 2148 in
653 2114 807 2157 Origini-

103 2171 192 2204 bus:
235 2168 281 2204 cf.
317 2169 373 2212 38,
404 2177 425 2212 7
454 2167 529 2203 and
563 2169 665 2209 Intr.‚
695 2167 804 2212 §353

104 2222 167 2258 the
200 2221 330 2268 saying
362 2221 393 2256 is
422 2221 528 2268 given
558 2221 596 2256 in
626 2223 668 2256 T.
697 2222 747 2255 D.
778 2231 807 2265 1,

110 2285 194 2310 101:
248 2286 331 2310 cum
363 2275 514 2321 legiones
548 2275 684 2310 scribat
719 2275 808 2309 Cato

104 2329 242 2364 alacris
274 2330 314 2364 in
351 2340 433 2364 eum
465 2328 580 2364 locum
618 2328 807 2374 profectas

106 2383 204 2418 unde
226 2383 417 2418 redituras
433 2393 469 2417 se
486 2393 559 2417 non
576 2382 807 2417 arbitraren-

104 2439 178 2471 tur.
228 2436 310 2472 The
335 2441 436 2482 story
456 2434 499 2471 of
517 2447 539 2470 a
564 2435 707 2471 tribune
733 2435 804 2470 and

873 1143 930 1178 his
956 1142 1036 1178 four
1060 1142 1227 1178 hundred
1249 1154 1343 1186 men,
1362 1142 1444 1178 who
1465 1143 1574 1178 sacri-

874 1196 967 1231 ficed
996 1196 1217 1231 themselves
1246 1196 1284 1231 in
1313 1197 1424 1243 Sicily
1457 1198 1506 1242 (F
1508 1197 1573 1232 irst

875 1250 989 1285 Punic
1005 1250 1129 1295 War),
1142 1261 1215 1285 was
1233 1250 1311 1285 told
1329 1256 1365 1285 at
1382 1250 1509 1296 length
1525 1250 1575 1296 by

874 1305 966 1339 Cato
996 1304 1033 1338 in
1058 1304 1114 1339 his
1144 1304 1324 1350 Orzssgines,
1341 1304 1414 1338 and
1440 1315 1462 1338 a
1482 1303 1575 1350 frag-

875 1363 975 1392 ment
993 1358 1035 1393 of
1047 1358 1109 1392 the
1127 1369 1281 1403 passage
1293 1358 1462 1401 remains,
1477 1369 1574 1393 com-

873 1411 1003 1457 paring
1021 1411 1077 1446 his
1093 1410 1367 1457 half-forgotten
1381 1411 1468 1446 hero
1487 1411 1574 1445 with

876 1465 1058 1500 Leonidas
1094 1464 1267 1510 (Gellius,
1301 1475 1334 1509 3,
1369 1474 1400 1509 7,
1438 1467 1512 1510 19).
1528 1485 1576 1490 —

877 1530 929 1552 12.
957 1520 1155 1553 redituras:
1184 1518 1229 1554 cf.
1260 1519 1409 1562 Seneca,
1428 1520 1499 1564 Ep.
1518 1519 1574 1562 82,

875 1583 918 1607 22
933 1585 939 1607 :
972 1574 1100 1618 Quid?
1121 1573 1202 1608 dux
1214 1572 1273 1607 ille
1288 1573 1493 1615 Romanus,
1511 1573 1580 1618 qui

873 1627 928 1661 ad
939 1627 1190 1672 occupandum
1211 1626 1325 1660 locum
1343 1626 1474 1660 milites
1491 1628 1576 1660 mis-

874 1692 942 1724 sos,
975 1684 1058 1714 cum
1093 1683 1167 1725 per
1198 1682 1377 1726 ingentem
1417 1679 1576 1714 hostium

874 1735 1068 1768 exercitum
1080 1735 1179 1768 ituri
1189 1737 1313 1776 essent,
1326 1734 1376 1767 sic
1388 1733 1577 1767 adlocutus

874 1791 946 1822 est:
973 1789 1064 1831 ‘lre,
1082 1787 1348 1830 commilitones,
1367 1786 1427 1820 illo
1442 1798 1577 1821 necesse

874 1846 927 1877 est
959 1843 1056 1878 unde
1087 1843 1210 1877 redire
1235 1853 1309 1876 non
1334 1845 1386 1876 est
1414 1842 1576 1876 necesse.'

873 1909 986 1939 —14.
1015 1897 1152 1931 indocti
1172 1922 1179 1930 .
1203 1922 1210 1930 .
1233 1922 1241 1931 .
1262 1897 1379 1931 docti:
1399 1895 1484 1930 with
1500 1907 1578 1940 spe-

876 1951 942 1987 cial
972 1950 1156 1986 reference
1185 1956 1223 1985 to
1253 1949 1413 1996 training
1442 1949 1480 1983 in
1502 1949 1578 1995 phi-

874 2005 1042 2050 losophy.

923 2060 984 2093 76.
1011 2060 1182 2095 Omnino:
1242 2057 1300 2092 ‘in
1341 2069 1413 2103 any
1450 2058 1574 2100 case';

876 2112 1100 2155 affirmative,
1114 2123 1153 2147 as
1168 2112 1205 2146 in
1219 2122 1251 2157 9,
1271 2121 1298 2154 1,
1314 2110 1379 2146 but
1394 2111 1477 2146 here
1492 2111 1576 2145 with

876 2166 938 2201 the
973 2166 1087 2201 entire
1120 2164 1309 2208 assertion,
1345 2169 1410 2199 not
1443 2164 1530 2199 with
1556 2175 1578 2199 a

877 2219 994 2266 single
1020 2219 1132 2255 word.
1146 2240 1189 2245 —
1206 2231 1235 2253 1.
1264 2219 1483 2253 studiorum:
1504 2220 1513 2238 ‘
1527 2216 1578 2252 fa-

876 2273 991 2308 vorite
1002 2273 1260 2318 occupations.'
1271 2293 1318 2300 —
1328 2284 1359 2307 2.
1376 2273 1555 2315 pueritiae
1568 2284 1575 2305 :

877 2327 936 2362 lise
958 2327 988 2362 is
1007 2327 1091 2362 here
1112 2327 1219 2362 made
1236 2332 1275 2362 to
1293 2326 1432 2362 consist
1451 2325 1493 2361 of
1514 2325 1579 2361 but

877 2380 956 2416 four
972 2380 1139 2426 periods;
1159 2379 1203 2416 cf.
1217 2391 1266 2415 on
1279 2389 1313 2423 4,
1330 2388 1382 2424 15.
1393 2391 1482 2422 —4.
1501 2389 1581 2415 con-

876 2436 1000 2469 stans:
1028 2433 1073 2469 cf.
1092 2444 1147 2479 33,
1168 2443 1219 2477 14.
1234 2443 1325 2475 —5.
1346 2443 1390 2467 ne
1410 2459 1418 2467 .
1441 2459 1450 2468 .
1472 2459 1482 2469 .
1502 2434 1580 2478 qui-

814 2502 875 2536 147
