1786 2780
187 166 204 207 ἓ
221 166 346 210 42-43]

186 276 303 330 quod
325 291 414 317 non
436 283 669 330 oporteret.

679 167 726 200 M.
751 168 889 200 TVLLI
921 167 1165 200 CICERONIS

734 277 928 330 Impedit
948 277 1065 318 enim
1088 277 1318 319 consilium
1337 279 1555 333 voluptas,
1578 292 1642 320 ra-

154 346 293 393 5tioni
324 345 500 386 inimica
530 352 608 395 est,
633 345 805 395 mentis,
829 352 877 386 ut
908 345 968 386 ita
999 346 1153 395 dicam,
1179 347 1460 400 praestringit
1490 347 1642 389 oculos

185 426 267 454 nec
299 414 432 455 habet
463 414 599 454 ullum
631 427 731 454 cum
762 413 922 455 virtute
953 415 1275 455 commercium.

1354 414 1524 457 Invitus
1554 415 1643 458 feci

186 488 234 523 ut
263 482 492 523 fortissimi
521 483 602 523 viri
633 483 683 523 T.
714 482 952 523 Flaminini
983 483 1178 532 fratrem,
1204 483 1254 523 L.
1283 483 1593 534 Flamininum,
1615 497 1641 526 e

140 564 146 569 ’
186 556 339 591 senatu
366 550 551 592 eicerem
579 557 746 604 septem
770 551 897 592 annis
919 558 1020 605 post
1041 565 1173 604 quam
1195 552 1349 592 consul
1369 551 1538 602 fuisset,
1561 553 1640 594 sed

186 619 423 660 notandam
455 619 607 672 putavi
637 618 874 660 libidinem.

939 620 1020 660 Ille
1051 620 1181 670 enim,
1208 633 1308 661 cum
1339 626 1457 662 esset
1485 621 1643 662 consul

134 705 174 728 10
186 688 229 728 in
253 687 406 737 Gallia,
425 694 629 729 exoratus
650 688 694 728 in
716 689 916 729 convivio
938 702 964 729 a
986 695 1130 729 scorto
1155 695 1222 729 est
1247 695 1295 730 ut
1322 689 1465 730 securi
1488 689 1642 731 feriret

185 756 374 811 aliquem
404 770 555 797 eorum
580 756 655 810 qui
680 756 723 797 in
744 757 929 798 vinculis
953 764 1103 798 essent
1127 756 1323 798 damnati
1343 757 1407 798 rei
1425 757 1639 811 capitalis.

187 824 275 866 Hic
296 825 398 866 Tito
420 825 555 866 fratre
582 839 661 866 suo
688 839 883 875 censore,
908 826 982 879 qui
1009 826 1231 879 proximus
1261 832 1363 867 ante
1388 839 1458 868 me
1479 826 1640 876 fuerat,

184 894 362 946 elapsus
383 900 450 935 est
464 908 473 944 ;
507 894 614 934 mihi
633 907 739 935 vero
760 901 804 935 et
828 894 989 935 Flacco
1016 895 1272 948 neutiquam
1301 893 1478 948 'probari
1498 895 1643 949 potuit

185 969 275 1003 tam
306 962 523 1016 flagitiosa
553 969 597 1004 et
626 969 716 1004 tam
749 963 920 1015 perdita
951 963 1096 1012 libido,
1121 976 1235 1016 quae
1255 976 1355 1004 cum
1377 963 1538 1016 probro
1558 963 1643 1017 pri·

133 1046 170 1080 15
184 1037 286 1072 vato
308 1032 597 1084 coniungeret
617 1031 773 1085 imperi
794 1031 996 1073 dedecus.

243 1100 376 1140 XIII.
419 1112 488 1150 43.
536 1100 682 1153 Saepe
708 1099 854 1140 audivi
882 1114 906 1141 e
930 1100 1167 1141 maioribus
1195 1107 1314 1150 natu,
1337 1101 1413 1154 qui
1437 1113 1485 1142 se
1509 1114 1641 1154 porro

185 1182 346 1222 pueros
377 1182 403 1209 a
434 1168 612 1209 senibus
643 1168 818 1209 audisse
849 1168 1065 1218 dicebant,
1098 1169 1246 1210 mirari
1276 1169 1451 1210 solitum
1482 1169 1532 1211 C.
1560 1169 1642 1210 Fa·

185 1305 218 1335 3.
245 1295 422 1328 senectuti
446 1295 622 1337 gratiam:
656 1293 701 1328 cf.
730 1294 880 1336 Seneca,

184 1348 258 1392 Ep.
291 1348 347 1390 67,
382 1358 401 1381 2
425 1360 432 1381 :
478 1348 622 1392 Quidni
643 1348 792 1392 gratias
826 1347 885 1380 illi

190 1401 395 1446 [senectuti]
443 1400 507 1434 hoc
553 1401 697 1434 nomine
742 1400 883 1444 agam?

184 1454 359 1499 quicquid
382 1454 545 1488 debebam
570 1453 671 1495 nolle,
697 1464 769 1487 non
796 1455 882 1498 pos-

183 1518 266 1541 sum
277 1518 290 1548 ;
331 1506 376 1541 cf.
398 1507 455 1549 46,
477 1516 616 1549 4.—3.
652 1516 742 1548 quae
767 1506 882 1540 effice-

184 1562 258 1594 ret:
292 1559 338 1594 cf.
358 1559 484 1603 below,
502 1560 539 1594 11.
561 1569 784 1605 14—15.——3.
811 1569 882 1593 non

183 1615 333 1647 liberet:
392 1612 438 1648 cf.
473 1622 530 1656 44,
563 1623 598 1657 3.
613 1634 659 1638 —
672 1623 706 1654 5.
748 1614 881 1647 mentis

279 1693 288 1701 .
322 1667 558 1710 praestringit
589 1668 728 1701 oculos:
767 1669 882 1712 prae-

183 1721 362 1766 stringere
401 1721 514 1754 aciem
554 1731 596 1755 or
635 1720 759 1762 oculos,
792 1719 823 1754 is
859 1731 882 1754 a

183 1773 334 1808 savorite
355 1773 566 1818 expression
584 1773 625 1808 of
646 1773 783 1815 Cicero,
801 1784 880 1818 per-

185 1827 276 1872 haps
316 1827 468 1873 original
502 1827 587 1860 with
627 1826 702 1860 him
736 1826 773 1860 in
806 1827 879 1861 this

184 1880 334 1925 tropical
367 1891 474 1915 sense
503 1880 649 1925 (hence,
675 1883 716 1913 ut
747 1881 801 1913 ila
825 1880 880 1913 di-

183 1933 297 1975 cam),
320 1933 363 1968 cf.
377 1934 464 1968 Div.
481 1943 509 1976 1,
525 1934 565 1967 61
583 1946 591 1967 z
604 1934 880 1978 praestringere

182 1988 294 2020 aciem
321 1988 450 2020 mentis
477 1987 678 2020 solet.—6.
712 1987 879 2020 Invitus:

183 2040 211 2074 it
228 2040 259 2074 is
282 2040 344 2074 the
365 2040 458 2074 ideal
479 2041 570 2074 Cato
587 2040 670 2075 who
691 2051 880 2084 expresses

183 2093 256 2127 this
270 2093 483 2134 reluctance,
498 2093 596 2138 quite
613 2093 752 2138 foreign
767 2099 805 2128 to
819 2093 879 2127 the

183 2147 255 2181 real
274 2157 505 2188 censor.—7.
531 2156 550 2180 e
567 2149 695 2180 senatu
711 2147 880 2180 eicerem:

184 2199 227 2234 cf.
243 2200 342 2242 Intr.,
357 2201 375 2243 ξ
391 2204 541 2245 29.—8.
559 2202 720 2242 septem:
742 2199 881 2244 strictly

182 2252 286 2298 etgltt,
304 2254 357 2287 τῖε.
380 2254 643 2298 192-184.—9.
667 2254 880 2287 notandam:

183 2307 243 2339 i.e.
279 2305 365 2340 with
400 2306 461 2340 the
494 2310 580 2340 nota
613 2308 799 2347 censoriam
832 2304 878 2340 cf.

185 2358 283 2404 Livy,
316 2370 372 2403 39.
401 2369 457 2401 42.·
487 2359 510 2392 6
545 2359 602 2404 (in
635 2358 813 2404 speaking
844 2358 887 2393 of

184 2412 306 2446 Cato's
317 2411 565 2457 censorship):
586 2413 745 2446 Patrum
755 2423 882 2446 memo-

943 1295 1004 1328 ria
1029 1295 1241 1328 institutum
1254 1295 1399 1340 fertur,
1415 1298 1458 1328 ut
1479 1305 1641 1329 censores

943 1349 1050 1380 motis
1081 1352 1212 1381 senatu
1243 1347 1488 1385 adscriberent
1519 1351 1637 1382 notas.

942 1412 1052 1433 -ιο,
1080 1403 1244 1434 exoratus
1269 1402 1308 1434 in
1330 1401 1515 1435 convivio:
1539 1399 1642 1435 there

944 1465 1036 1488 were
1069 1459 1139 1488 two
1168 1453 1333 1488 versions
1365 1453 1407 1489 of
1433 1453 1496 1488 the
1527 1459 1640 1498 story,

944 1518 1014 1541 one
1039 1506 1075 1540 in
1102 1507 1224 1541 Cato·s
1248 1518 1330 1541 own
1354 1506 1497 1542 oration
1517 1506 1640 1551 (Livy,

944 1570 1000 1604 39,
1029 1569 1085 1602 42,
1112 1560 1236 1603 8-12)‚
1270 1560 1333 1594 the
1365 1559 1472 1595 other
1499 1570 1548 1595 on
1577 1558 1642 1594 the

943 1613 1126 1658 authority
1152 1613 1195 1648 of
1213 1612 1378 1648 Valerius
1411 1612 1543 1647 Antias
1571 1612 1638 1659 (ib.

943 1676 1000 1710 43,
1029 1665 1128 1710 1—3).
1179 1666 1265 1700 And
1293 1666 1433 1709 Cicero,
1455 1665 1641 1712 strangely

943 1719 1100 1765 enough,
1150 1718 1290 1754 follows
1339 1719 1403 1754 the
1457 1719 1576 1754 latter.
1593 1739 1641 1744 —

946 1784 998 1806 12.
1032 1774 1215 1816 proximus
1247 1775 1332 1807 ante
1364 1783 1442 1806 me:
1473 1773 1533 1807 i.e.
1564 1772 1640 1818 189,

942 1826 1012 1861 five
1038 1838 1141 1872 years
1177 1826 1300 1861 before
1332 1826 1396 1861 the
1427 1825 1641 1871 censorship

943 1879 984 1914 of
1004 1881 1097 1915 Cato
1118 1892 1127 1922 ;
1155 1880 1295 1924 Intr.,§
1322 1879 1378 1914 28.
1394 1891 1506 1921 —14.
1539 1879 1641 1922 flagi·

941 1934 1057 1967 tiosa:
1083 1932 1127 1968 cf.
1155 1944 1204 1968 on
1228 1933 1285 1976 40,
1311 1943 1463 1978 5.—15.
1490 1933 1641 1976 imperi:

942 1989 952 2006 ⁴
966 1992 1004 2021 to
1018 1986 1075 2020 his
1089 1986 1304 2028 command,'
1318 1989 1328 2006 ⁶
1340 1986 1397 2020 his
1410 1985 1499 2032 high
1513 1985 1639 2031 office2'

942 2039 1068 2082 hence,
1082 2039 1270 2083 indirectly
1284 2045 1323 2073 to
1340 2039 1402 2074 the
1415 2044 1509 2075 state
1523 2037 1641 2074 which

943 2092 990 2127 he
1010 2092 1242 2137 represented
1257 2092 1293 2126 in
1310 2092 1372 2126 the
1388 2091 1507 2137 plains
1523 2091 1568 2127 of
1577 2091 1642 2127 the

944 2147 996 2180 Po
1017 2145 1164 2192 (Gallia
1188 2145 1379 2190 Cisalpina
1391 2156 1403 2185 ;
1430 2145 1533 2180 there
1547 2155 1641 2180 were

942 2204 979 2232 at
993 2199 1071 2232 that
1085 2198 1171 2233 time
1186 2210 1233 2232 no
1250 2200 1394 2233 Roman
1406 2197 1641 2243 possessione»

942 2252 981 2286 in
999 2251 1060 2286 the
1082 2251 1369 2296 Transalpina).

989 2306 1053 2338 43.
1087 2314 1210 2347 porro:
1246 2304 1331 2339 here
1357 2304 1509 2351 looking
1530 2303 1642 2339 back-

943 2358 1069 2401 ward3
1106 2358 1211 2392 much
1247 2368 1346 2392 more
1378 2356 1582 2403 frequently
1613 2356 1643 2391 it

944 2411 1010 2446 has
1035 2422 1058 2445 a
1081 2410 1196 2446 future
1225 2409 1423 2446 reference.
1435 2421 1528 2444 —2.
1556 2410 1642 2446 noli-

880 2469 945 2503 108
