1786 2780
201 159 218 201 5
238 158 362 201 72-73]

616 133 618 135 ¹
679 158 726 191 M.
755 158 894 190 TVLLI
925 158 1170 191 clcERoms

198 274 266 309 est
301 268 400 308 finis
435 267 639 321 optimus,
678 280 778 308 cum
811 267 983 320 integra
1016 274 1163 309 mente
1199 268 1418 323 certisque
1454 269 1655 312 sensibus

197 349 309 390 opus
330 335 426 389 ipsa
447 349 574 377 suum
597 336 750 377 eadem
778 349 891 389 quae
916 337 1243 388 coagmentavit
1263 343 1422 378 natura
1441 337 1652 380 dissolvit.

132 415 170 438 10
196 405 259 447 Vt
287 418 458 454 navem,
494 411 542 445 ut
572 404 817 445 aedificium
847 404 964 445 idem
996 404 1181 446 destruit
1210 405 1419 447 facillime
1452 405 1528 460 qui
1557 419 1656 448 con-

196 474 365 522 struxit,
409 473 469 514 sic
512 473 734 514 hominem
782 473 936 514 eadem
978 472 1143 526 optime
1183 487 1297 527 quae
1337 475 1656 528 conglutinavit

195 548 354 583 natura
389 541 597 583 dissolvit.

195 610 439 652 inveterata
461 610 592 651 facile
614 610 845 651 divellitur.

663 542 758 582 Iam
792 541 934 582 omnis
968 541 1285 595 conglutinatio
1318 555 1473 584 recens
1508 556 1654 598 aegre,

253 690 318 730 73.
365 680 434 720 Ita
460 679 508 720 fit
535 686 584 720 ut
609 679 715 720 illud
741 679 874 720 breve
895 679 1011 720 vitae
1037 679 1251 733 reliquom
1272 693 1355 722 nec
1377 681 1505 723 avide
1524 681 1657 735 adpe-

115 755 181 791 [73]
195 749 377 790 tendum
409 748 588 789 senibus
619 761 700 789 nec
733 749 826 789 sine
858 762 991 789 causa
1017 749 1309 789 deserendum
1336 749 1415 800 sit;
1447 755 1655 804 vetatque

197 818 469 872 Pythagoras
499 817 667 858 iniussu
696 817 985 870 imperatoris,
1010 817 1053 858 id
1079 824 1147 858 est
1174 817 1256 867 dei,
1280 818 1336 859 de
1367 818 1587 872 praesidio
1611 825 1656 860 et

195 886 383 928 statione
423 886 538 927 vitae
579 886 807 927 decedere.

194 1017 363 1063 saying'3
391 1029 551 1052 resumes
565 1017 655 1052 after
672 1017 733 1052 the
751 1017 889 1063 digres-

193 1071 275 1106 sion
308 1071 525 1106 occasioned
555 1071 602 1116 by
635 1070 698 1105 the
727 1070 888 1104 mention

194 1124 236 1160 of
270 1130 459 1168 contempt
494 1124 550 1159 for
579 1124 699 1167 death,
724 1123 797 1158 and
827 1124 889 1158 the

193 1180 370 1214 anecdote
400 1179 436 1213 in
467 1179 786 1214 illustration.—8.
817 1189 890 1213 cer-

192 1234 264 1267 tis:
298 1234 358 1267 i.e.
385 1236 441 1268 ‘to
470 1232 516 1267 be
547 1232 739 1277 depended
767 1234 888 1278 upon,'

193 1286 433 1332 ‘unerring'3
476 1286 538 1321 the
578 1286 649 1321 abl.
686 1286 717 1320 is
750 1286 826 1321 abs.
844 1307 890 1312 —

193 1352 226 1381 9.
253 1342 522 1383 coagmentavit
541 1365 550 1374 .
572 1366 581 1374 .
602 1366 611 1374 .
632 1341 821 1375 dissolvit:
845 1340 888 1375 cf.

194 1395 343 1437 Seneca,
362 1395 432 1439 Ep.
451 1405 506 1439 30,
529 1404 564 1428 11
582 1406 590 1428 ε
617 1395 790 1439 quicquid
809 1405 889 1428 con-

193 1449 320 1492 posuit
366 1446 559 1492 [natura],
596 1447 756 1497 resolvit,
792 1449 889 1492 quic-

191 1501 285 1545 quid
306 1501 468 1541 resol‘m't,
491 1503 659 1546 conponit
681 1502 828 1535 iterum.
841 1521 888 1526 —

195 1565 248 1588 ro.
276 1556 450 1589 destruit:
478 1554 609 1599 simply
634 1554 696 1589 the
720 1554 888 1599 opposite

193 1607 236 1643 of
254 1609 469 1642 construxit.
488 1627 535 1632 —
554 1619 604 1640 12.
630 1609 728 1641 Iam:
758 1607 804 1642 cf.
833 1607 887 1652 56,

198 1662 259 1703 18;
286 1670 341 1704 74,
371 1671 383 1695 1
401 1674 408 1703 3
436 1661 492 1696 for
514 1662 591 1695 iam
606 1673 702 1707 vero,
720 1661 890 1696 ‘further-

193 1716 316 1757 more‚'
341 1716 588 1758 ‘moreover';
616 1726 655 1749 as
674 1715 711 1749 in
733 1714 888 1760 English

193 1780 276 1802 now
297 1767 327 1802 is
345 1767 446 1803 often
463 1768 553 1802 used
571 1761 608 1802 in
625 1774 834 1814 arguments
851 1767 889 1801 in

194 1821 256 1856 the
273 1832 373 1856 same
389 1832 506 1856 sense.

240 1875 304 1908 73.
349 1875 543 1917 reliquom:
586 1874 824 1910 substantive.
843 1895 890 1899 —

193 1939 224 1961 2.
250 1938 313 1962 nec
334 1929 412 1962 sine
431 1938 559 1963 causa:
587 1928 741 1963 because
757 1929 890 1973 optime

194 1985 335 2017 natura
351 1982 531 2017 dds-solvit.
581 1981 662 2016 The
682 1981 801 2017 Stoics
819 1981 890 2027 jus-

194 2035 294 2070 tified
317 2035 454 2070 suicide
477 2035 514 2069 in
537 2046 619 2070 case
643 2035 685 2070 of
704 2035 889 2070 incurable

194 2088 347 2131 disease,
389 2100 430 2124 or
469 2088 596 2134 failing
641 2088 752 2129 mind,
794 2094 886 2130 etc.;

194 2141 239 2176 cf.
270 2143 420 2183 Seneca,
446 2143 520 2186 Ep.
549 2142 605 2186 58,
630 2151 672 2186 35
692 2141 741 2184 f.;
772 2141 888 2186 Pliny,

193 2195 267 2240 Ep.
299 2204 327 2238 1,
358 2204 510 2229 12.—2.
538 2196 802 2229 deserendum:
846 2194 888 2230 cf.

193 2249 319 2282 Somn.
353 2249 412 2283 Sc.
451 2258 489 2294 15
512 2249 610 2294 fin..·
654 2260 716 2284 nec
746 2250 891 2283 iniussu

194 2302 270 2336 eius
288 2313 313 2336 a
338 2313 408 2347 qno
436 2302 496 2336 ille
528 2302 604 2347 (i.e.
637 2301 804 2346 animus)
840 2305 893 2336 est

194 2355 294 2389 vobis
310 2355 430 2397 datus,
447 2366 494 2389 ex
514 2355 703 2389 hominum
727 2357 808 2390 vita
825 2356 892 2389 mi-

197 2409 394 2453 grandum
406 2412 468 2452 est,
479 2419 524 2443 ne
536 2419 674 2443 munus
685 2408 892 2443 humanum

892 885 1067 928 Solonis
1109 886 1286 940 quidem
1331 887 1544 941 sapientis
1587 893 1656 929 est

956 1017 1192 1062 adsignatum
1208 1029 1231 1051 α
1248 1018 1312 1052 deo
1335 1018 1516 1065 defugisse
1531 1019 1656 1054 videa-

957 1071 1062 1104 mini.
1113 1070 1195 1105 The
1214 1070 1370 1117 military
1387 1071 1500 1117 figure
1520 1071 1552 1107 is
1569 1083 1656 1108 con-

958 1123 1083 1158 tinued
1106 1124 1142 1158 in
1161 1124 1199 1157 11.
1219 1133 1300 1168 3—4.
1353 1123 1431 1160 Life
1455 1136 1529 1160 was
1553 1124 1655 1160 often

958 1177 1151 1222 compared
1171 1177 1256 1211 with
1283 1177 1344 1212 the
1369 1177 1507 1213 service
1530 1178 1573 1214 of
1593 1178 1655 1214 the

957 1230 1111 1273 soldier3
1138 1230 1184 1265 cf.
1202 1231 1352 1274 Senem,
1371 1232 1444 1276 Ep.
1459 1231 1517 1277 96,
1530 1241 1572 1276 5:
1594 1233 1655 1266 vi-

956 1295 1042 1318 vere
1062 1310 1070 1317 .
1091 1309 1100 1318 .
1123 1310 1131 1317 .
1151 1284 1313 1318 militare
1322 1289 1470 1327 est,—a
1483 1284 1651 1330 proverb.

955 1349 1044 1379 —3·
1078 1338 1326 1381 imperatoris:
1345 1338 1391 1373 cf.
1411 1339 1451 1372 Τ.
1467 1339 1520 1373 D.
1541 1347 1569 1382 1,
1586 1347 1652 1382 74:

964 1392 1066 1426 Vetat
1089 1393 1186 1426 enim
1203 1392 1400 1426 dominans
1419 1391 1482 1426 ille
1499 1393 1539 1426 in
1557 1391 1656 1426 nobis·

956 1445 1044 1479 deus
1075 1446 1220 1479 iniussn
1248 1445 1332 1479 hinc
1361 1455 1426 1479 nos
1451 1455 1518 1479 suo
1542 1445 1655 1479 demi-

949 1508 1078 1542 grare.
1091 1518 1137 1524 —
1149 1509 1184 1539 3.
1210 1499 1390 1541 praesidio
1413 1499 1451 1533 et
1474 1499 1653 1533 statione:

957 1550 1002 1586 cf.
1039 1551 1154 1595 Plato,
1186 1552 1343 1595 Phaedo,
1377 1551 1421 1586 62
1451 1553 1504 1587 B:
1545 1551 1592 1590 ὣς
1618 1549 1656 1588 ἔν

956 1618 1026 1640 τινι
1043 1605 1190 1653 φρουρᾷ
1208 1605 1321 1652 ἐσμεν
1340 1603 1375 1641 οἱ
1395 1602 1580 1652 ἅνθρωποι
1595 1602 1655 1640 καὶ

957 1657 999 1693 οὗ
1027 1655 1080 1694 δεῖ
1105 1655 1148 1705 δὴ
1177 1658 1304 1695 ἑαυτὸν
1330 1658 1371 1694 ἐκ
1395 1658 1531 1706 ταύτης
1555 1657 1656 1695 λύειν

957 1708 1031 1747 οὐδ’
1055 1708 1340 1759 ἀποδιδράσκειν,
1357 1712 1477 1748 where
1501 1712 1565 1748 the
1589 1711 1656 1758 fig-

957 1776 1019 1800 ure
1037 1765 1067 1799 is
1085 1765 1127 1800 of
1147 1776 1168 1800 a
1186 1767 1330 1811 prison,
1349 1776 1390 1800 as
1407 1765 1445 1800 in
1466 1766 1508 1800 T.
1525 1766 1578 1800 D.
1596 1765 1653 1800 l.c.

956 1818 1030 1852 and
1047 1820 1171 1852 Somn.
1188 1819 1247 1852 Sc.
1269 1828 1281 1853 1
1289 1828 1320 1863 5,
1337 1818 1458 1854 rather
1473 1819 1562 1853 than
1579 1817 1621 1854 of
1633 1829 1656 1853 a.

957 1877 1041 1916 post
1070 1871 1113 1907 of
1139 1872 1227 1917 duty
1255 1883 1296 1906 as
1325 1872 1411 1907 here
1443 1871 1526 1918 (the
1553 1882 1655 1907 more

956 1925 1056 1959 usual
1107 1925 1278 1971 meaning
1326 1924 1368 1960 of
1408 1922 1589 1973 φρουρά).
1607 1944 1656 1950 -

957 1988 991 2020 5.
1018 1979 1194 2021 elogium:
1222 1978 1268 2013 cf.
1296 1989 1346 2013 on
1371 1978 1426 2022 61,
1451 1989 1494 2023 ²3
1521 1978 1585 2014 the
1604 1977 1656 2013 in-

957 2032 1132 2077 scription
1149 2043 1214 2066 ran
1235 2031 1385 2078 (Hiller,
1403 2030 1445 2066 fr.
1469 2031 1530 2077 19)
1546 2043 1614 2066 :—

958 2110 1065 2161 Μηδέ
1072 2127 1134 2160 μοι
1146 2111 1356 2151 ἄκλαυστος
1369 2109 1523 2152 θάνατος
1533 2108 1654 2160 μόλοι,

1005 2165 1104 2203 ἀλλὰ
1123 2164 1294 2212 φίλοισιν

959 2218 1189 2267 καλλείποιμ
1245 2217 1361 2256 θανὼν
1414 2218 1533 2268 ἄλγεα
1594 2215 1654 2256 καὶ

1006 2272 1243 2321 στοναχάς-

959 2354 1076 2390 which
1102 2354 1229 2390 Cicero
1254 2353 1447 2390 translates
1473 2353 1537 2400 (T.
1553 2353 1603 2388 D.
1624 2361 1655 2397 1,

963 2409 1046 2454 117)
1063 2420 1131 2441 :—

895 2475 960 2508 144
