1786 2780
517 188 635 221 CATO
666 187 822 220 MAIOR
852 187 916 220 DE
947 187 1213 221 SENECTVTE

1434 187 1471 232 [ἓ
1489 189 1597 232 67-68

136 299 288 353 Itaque
311 299 442 353 pauci
462 299 646 340 veniunt
666 298 721 339 ad
744 304 1018 339 senectutem
1035 313 1044 348 ;
1078 299 1195 352 quod
1213 299 1259 340 ni
1279 300 1341 341 ita
1362 300 1593 350 accideret,

131 368 286 409 melius
327 374 372 409 et
413 367 674 421 prudentius
710 368 940 408 viveretur.

1007 368 1138 408 Mens
1176 368 1292 409 enim
1329 375 1374 410 et
1410 370 1520 411 ratio
1552 376 1598 411 et

129 436 360 478 consilium
393 436 438 477 in
469 436 648 477 senibus
680 442 771 486 est;
805 436 880 490 qui
909 436 945 477 si
971 436 1079 477 nulli
1110 436 1314 487 fuissent,
1338 437 1487 479 nullae
1510 452 1597 480 orn-

130 505 236 547 nino
257 505 456 547 civitates
477 504 679 546 fuissent.

187 575 252 617 68.
298 573 387 616 Sed
428 573 562 615 redeo
602 573 659 614 ad
701 580 886 615 mortem
927 574 1272 628 impendentem.

1357 576 1490 630 Quod
1531 583 1598 618 est

130 642 247 684 istud
288 642 454 684 crimen
496 644 748 693 senectutis,
782 657 882 684 cum
923 643 968 684 id
1010 643 1050 684 ei
1091 644 1278 685 videatis
1315 659 1415 686 cum
1453 646 1598 687 adule-.

131 712 299 753 scentia
328 724 427 753 esse
459 712 723 753 commune?
787 712 917 754 Sensi
948 726 1031 766 ego
1064 712 1108 753 in
1141 714 1309 766 optimo
1342 714 1443 764 filio,
1473 721 1521 755 tu
1552 715 1678 763 inme]

130 780 395 834 exspectatis
429 780 485 821 ad
521 780 838 834 amplissimam
875 781 1136 834 dignitatem
1173 782 1398 832 fratribus,
1434 783 1595 836 Scipio,

131 855 317 891 mortem
348 849 468 891 omni
499 849 631 890 aetati
662 862 761 890 esse
798 863 1091 892 communem.

130 931 259 960 scens
279 917 355 959 diu
377 930 424 958 se
441 918 671 965 victurum,
690 919 808 972 quod
830 932 1011 972 sperare
1033 919 1149 960 idem
1172 933 1307 960 senex
1329 934 1419 961 non
1437 927 1594 974 potest.

132 987 399 1042 Insipienter
420 993 582 1041 sperat.

133 1114 283 1157 Seneoe,
323 1114 395 1159 Ep.
436 1123 492 1158 30,
537 1122 598 1156 17:
648 1113 707 1148 Ab
747 1114 829 1158 ipsa

136 1165 284 1212 [morte]
314 1168 412 1201 enim
444 1168 587 1212 semper
613 1167 831 1201 tantundem

130 1220 312 1254 absumus.
322 1241 365 1246 —
376 1230 409 1262 5.
429 1222 540 1255 habet
553 1233 561 1254 :
575 1219 629 1254 for
637 1220 700 1255 the
709 1231 831 1255 mean-

132 1274 205 1319 ing,
220 1272 265 1308 cf.
282 1284 331 1308 on
341 1273 399 1319 65,
416 1284 450 1318 3.
464 1278 551 1307 —6.
579 1275 743 1308 tristius:
772 1276 829 1308 i.e.

130 1338 152 1361 a
165 1337 262 1362 more
275 1325 399 1362 heroic
416 1332 610 1362 treatment
628 1327 659 1362 is
673 1327 828 1363 needed.

131 1391 220 1422 —7.
256 1381 350 1423 quod
373 1381 431 1414 ni:
460 1380 505 1416 cf.
534 1391 590 1426 35,
618 1390 658 1425 53
686 1382 742 1424 82,
767 1391 828 1424 143

132 1433 178 1469 cf.
198 1434 310 1479 31‚8:
330 1434 581 1480 quodsi.—8.
610 1436 714 1468 Mens
742 1460 750 1468 .
781 1460 789 1468 .
821 1461 828 1468 .

131 1488 341 1522 consilium:
385 1487 429 1523 ef.
466 1497 521 1534 19,
553 1499 604 1534 9;
647 1497 704 1531 41,
738 1487 833 1522 6.—

132 1553 164 1584 9.
192 1542 256 1586 qui
281 1542 315 1576 si
339 1542 450 1576 nulli:
477 1541 521 1577 cf.
548 1553 598 1576 on
617 1541 675 1586 46,
700 1552 742 1587 3:
768 1542 836 1587 qui

135 1595 260 1640 pauci.
591 1638 595 1641 ι

190 1648 256 1683 68.
275 1649 394 1694 Quod:
409 1650 463 1684 τῖε.
475 1648 592 1695 quale.
603 1659 688 1681 —2.
710 1649 808 1682 istud
822 1660 829 1682 :

134 1701 180 1737 2d
214 1714 368 1748 persong
405 1703 467 1738 the
505 1702 734 1749 antagonists
772 1712 832 1736 are

125 1755 319 1802 'imagined
341 1761 380 1791 to
399 1755 446 1791 be
463 1762 623 1801 present.
636 1767 725 1789 —2.
752 1764 834 1790 cum

132 1811 379 1845 adulescentia
414 1836 423 1844 .
457 1835 466 1844 .
500 1835 509 1844 .
537 1819 743 1844 commune:
783 1808 829 1844 cf.

135 1863 285 1908 Senem,
302 1864 357 1899 ad
369 1864 492 1898 Marc.
510 1864 553 1898 de
573 1864 677 1899 Cons.
707 1873 761 1906 21,
788 1872 808 1906 7
823 1876 830 1896 :

134 1918 181 1951 In
202 1916 266 1952 hac
284 1929 406 1952 omnes
421 1928 548 1952 errore
564 1928 773 1959 versamur,
792 1920 833 1950 ut

134 1981 207 2005 non
218 1972 393 2016 putemus
409 1971 465 2005 ad
477 1974 628 2005 mortem
647 1972 722 2005 nisi
735 1981 834 2004 senes

173 2049 181 2058 .
209 2049 217 2058 .
244 2035 402 2071 vergere,
426 2035 507 2058 cum
533 2024 594 2058 illo
626 2024 706 2070 [i.e.
725 2023 828 2069 illuc]

134 2077 301 2124 infizntia
325 2078 452 2112 statim
473 2080 507 2112 ct
531 2078 694 2121 iuventa,
719 2078 836 2112 omnis

135 2134 237 2166 aetas
263 2132 490 2178 ferat.—3.
521 2132 620 2166 filio:
656 2130 699 2167 cf.
731 2132 834 2174 Intr.,

138 2182 180 2228 ἐξ
198 2193 236 2218 12
249 2184 322 2219 and
333 2194 486 2230 32.—4.
507 2184 746 2227 exspectatis:
774 2185 834 2218 i.e.

139 2235 185 2283 by
202 2237 332 2282 people
349 2237 386 2272 in
400 2239 561 2284 general.
601 2240 655 2282 As
669 2238 730 2273 the
749 2237 835 2273 verb

137 2289 168 2325 is
193 2289 294 2325 often
319 2290 488 2326 followed
514 2290 563 2337 by
583 2292 683 2332 dum,
702 2290 836 2334 ‘until,'

137 2342 200 2378 the
224 2348 321 2389 ptcp.
339 2343 411 2390 adj.
436 2355 504 2379 can
531 2344 576 2379 be
599 2344 726 2390 joined
751 2344 835 2379 with

137 2397 192 2432 ad
198 2408 211 2438 ;
236 2396 301 2432 but
330 2397 391 2432 the
417 2403 552 2433 constr.
579 2409 698 2433 seems
724 2403 763 2433 to
790 2398 837 2433 be

138 2449 255 2486 found
286 2450 372 2497 only
405 2450 601 2493 here—4.
641 2451 835 2486 fratribus:

646 987 767 1042 Quid
798 987 915 1029 enim
947 988 1124 1030 stultius
1157 1003 1290 1043 quam
1319 989 1487 1031 incerta
1518 1004 1598 1044 pro

899 1113 943 1148 cf.
957 1113 1073 1149 Index
1086 1113 1129 1149 of
1142 1115 1312 1157 Persons,
1326 1126 1392 1149 s.v.
1407 1115 1597 1150 Aemilius.

899 1167 982 1202 The
1011 1168 1107 1202 cruel
1138 1168 1233 1202 blow
1262 1168 1381 1203 which
1412 1168 1472 1204 fell
1501 1181 1599 1214 upon

900 1221 1032 1255 Paulus
1065 1226 1102 1255 at
1136 1221 1197 1256 the
1236 1233 1322 1267 very
1352 1222 1439 1256 time
1473 1222 1514 1257 of
1543 1223 1599 1257 his

899 1274 1058 1319 triumph
1080 1286 1152 1309 was
1171 1275 1277 1310 made
1295 1275 1367 1309 still
1390 1275 1535 1310 heavier
1552 1275 1600 1321 by

900 1327 962 1362 the
987 1328 1057 1363 fact
1082 1328 1162 1362 that
1189 1340 1236 1363 no
1263 1328 1342 1363 heir
1358 1329 1543 1364 remained
1561 1334 1600 1364 to

900 1381 989 1415 him.
1042 1382 1124 1416 The
1146 1381 1246 1416 elder
1267 1393 1355 1416 sons
1378 1382 1450 1416 had
1468 1382 1600 1427 passed

900 1434 949 1480 by
959 1435 1136 1480 adoption
1145 1435 1223 1470 into
1235 1435 1341 1470 other
1352 1435 1516 1476 families,
1527 1436 1600 1471 and

902 1488 988 1523 bore
1002 1489 1064 1523 the
1079 1500 1204 1523 names
1219 1488 1260 1523 of
1269 1488 1403 1524 Fabius
1418 1489 1600 1524 Maidmus

900 1542 973 1576 and
992 1542 1182 1577 Cornelius
1202 1542 1335 1587 Scipio.
1371 1542 1453 1577 The
1469 1543 1601 1578 baffled

901 1595 1015 1641 hopes
1046 1602 1084 1631 to
1114 1596 1230 1631 which
1261 1596 1389 1631 Cicero
1419 1595 1530 1631 refers
1563 1597 1600 1631 in

903 1651 1116 1695 exspectatis
1140 1649 1195 1683 ad
1221 1675 1229 1682 .
1265 1671 1273 1683 .-
1309 1676 1317 1683 .
1349 1660 1409 1684 are
1434 1649 1519 1683 thus
1545 1659 1603 1683 ex-

902 1702 1050 1747 pressed
1070 1702 1117 1747 by
1136 1701 1225 1747 Livy
1247 1703 1322 1748 (45,
1343 1711 1400 1744 40,
1422 1702 1461 1746 8)
1480 1714 1487 1735 :
1514 1713 1603 1747 quos

899 1758 1153 1801 praetextatas
1165 1766 1282 1790 curru
1294 1755 1380 1790 velli
1390 1766 1471 1789 cum
1478 1758 1601 1800 patre,

901 1810 971 1843 sibi
1007 1810 1105 1854 ipsos
1148 1809 1281 1843 similis
1319 1809 1602 1854 praedestinan-

900 1864 949 1896 tis
979 1862 1198 1908 triumphos,
1232 1865 1458 1907 oportuerat.
1520 1861 1601 1897 The

902 1916 1020 1951 whole
1046 1922 1146 1961 story
1164 1926 1236 1950 was
1261 1927 1283 1949 a
1313 1915 1462 1950 favorite
1486 1927 1623 1951 exam-⁴

902 1970 960 2016 ple
977 1968 1020 2004 of
1036 1969 1098 2004 the
1115 1968 1309 2004 fickleness
1327 1968 1368 2003 of
1388 1968 1543 2004 fortune.
1557 1990 1604 1994 —

903 2033 936 2065 5.
980 2032 1220 2058 communem:
1265 2022 1311 2058 cf.
1357 2023 1507 2065 Seneca,
1543 2023 1598 2057 ad

903 2078 1026 2111 Marc.
1055 2078 1098 2111 de
1126 2078 1231 2112 cons.
1260 2086 1316 2119 21,
1347 2085 1387 2119 7:
1414 2074 1512 2110 mars
1538 2076 1604 2111 sub

903 2132 982 2176 ipso
1007 2132 1107 2165 vitae
1132 2131 1276 2164 nomine
1300 2129 1397 2173 latet,
1427 2155 1434 2163 .
1466 2155 1473 2163 .
1505 2155 1512 2163 .
1540 2131 1604 2164 In-

903 2187 1084 2218 crementa
1118 2185 1210 2229 ipSez,
1235 2185 1272 2217 si
1301 2183 1385 2218 bene
1412 2185 1603 2228 computes,

904 2238 1045 2272 danma
1058 2241 1157 2271 sunt.
1172 2247 1262 2278 —5.
1290 2238 1358 2272 At:
1382 2236 1604 2282 anticipated

905 2290 1110 2336 objection3
1151 2290 1194 2325 cf.
1225 2290 1353 2334 below,
1383 2291 1407 2325 1.
1444 2291 1486 2334 83
1526 2290 1604 2325 also

906 2355 955 2378 on
981 2354 1036 2386 21,
1066 2354 1096 2378 1.
1156 2344 1239 2379 The
1265 2343 1458 2379 refutation
1489 2343 1530 2391 (1.
1560 2344 1600 2389 7)

906 2398 1009 2432 takes
1027 2397 1088 2432 the
1106 2397 1254 2432 briefest
1272 2398 1375 2433 form.
1389 2418 1434 2423 —
1446 2402 1478 2431 6.
1511 2398 1605 2440 quod

997 2477 1005 2485 .
1039 2452 1162 2486 idem:
1194 2451 1240 2486 cf.
1273 2451 1400 2493 below,
1429 2460 1484 2495 71,
1511 2460 1606 2494 4.—

842 2519 907 2554 139

1167 851 1232 892 At
1269 858 1419 904 sperat
1453 852 1598 893 adule-
1633 869 1666 904 5·
