1786 2780
198 171 292 229 571]

677 172 724 203 M.
753 172 891 203 TVLLI
922 171 1167 205 CICERONIS

255 291 319 331 71.
364 280 553 322 Fructus
581 286 728 322 autem
765 282 1003 322 senectutis
1044 287 1123 331 est,
1160 287 1210 323 ut
1245 295 1380 336 saepe
1412 282 1512 333 dixi,
1550 290 1654 326 ante

197 355 421 403 partorum
442 349 657 390 bonorum
680 349 890 390 memoria
906 355 950 390 et
973 349 1111 403 copia.

197 418 437 459 secundum
461 424 660 458 naturam
684 418 805 467 fiunt,
830 424 931 458 sunt
954 418 1156 459 habenda
1177 418 1221 459 in
1243 419 1382 460 bonis.

1175 350 1339 392 Omnia
1360 357 1521 402 autem,
1540 365 1654 406 quae

1446 419 1566 473 Quid
1587 426 1655 462 est

197 493 343 528 autem
375 493 462 527 tam
493 487 735 527 secundum
759 493 959 527 naturam
984 500 1115 540 quam
1138 487 1317 528 senibus
1338 488 1506 530 emori?
1536 489 1654 543 quod

165 556 313 608 5idem
346 555 561 608 contingit
595 555 951 596 adulescentibus
993 556 1255 597 adversante
1292 563 1338 598 et
1377 564 1655 611 repugnante

197 630 365 665 natura.
412 625 567 677 Itaque
591 624 894 665 adulescentes
918 625 1023 664 mihi
1046 624 1156 665 mori
1178 624 1238 666 sic
1261 625 1467 667 videntur
1487 631 1535 667 ut
1555 639 1654 668 cum

196 706 336 747 aquae
359 693 638 733 multitudine
665 693 867 733 flammae
888 694 954 733 vis
977 684 1250 746 opprimitur,
1275 707 1403 735 senes
1424 700 1570 736 autern
1593 694 1655 737 sic

196 768 244 803 ut
274 775 374 803 cum
400 775 480 802 sua
507 768 664 815 sponte
690 762 809 802 nulla
839 762 1035 802 adhibita
1062 763 1104 802 vi
1136 769 1425 816 consumptus
1450 763 1564 817 ignis
1588 777 1657 805 ex-

197 830 457 883 stinguitur;
491 837 535 871 et
563 831 687 883 quasi
719 844 850 883 poma
882 844 935 871 ex
967 831 1207 880 arboribus,
1230 831 1365 876 cruda
1391 833 1426 873 si
1448 838 1563 882 sunt,
1584 833 1658 874 vix

145 920 184 943 10
197 899 455 948 evelluntur,
499 899 535 939 si
576 906 746 940 matura
777 906 821 939 et
859 906 997 948 cocta,
1032 900 1252 949 decidunt,
1287 901 1348 941 sic
1383 900 1518 942 vitam
1554 901 1658 942 adu·

196 967 461 1009 lescentibus
502 969 567 1008 vis
610 968 767 1016 aufert,
812 968 990 1009 senibus
1032 969 1287 1019 maturitas;
1325 982 1437 1023 quae
1478 969 1655 1024 quidem

196 1037 302 1077 mihi
326 1043 416 1077 tam
438 1036 630 1077 iucunda
650 1043 729 1086 est,
748 1043 796 1077 ut
820 1050 907 1090 quo
935 1037 1115 1090 propius
1141 1037 1196 1078 ad
1223 1044 1408 1078 mortem
1434 1038 1655 1088 accedam,

196 1136 223 1171 it
267 1135 297 1171 is
346 1135 465 1171 added
505 1141 542 1171 to
582 1137 810 1180 demetendis,
854 1143 890 1171 to

195 1189 381 1225 ree’nforce
407 1189 469 1224 the
495 1189 635 1224 limited
660 1190 831 1236 meaning
856 1190 897 1225 of

196 1244 257 1278 the
280 1243 397 1277 latter.

253 1298 314 1330 71.
350 1299 520 1331 Fructus:
560 1296 645 1331 with
675 1308 695 1331 a
725 1296 892 1331 different

195 1350 414 1395 application
447 1350 488 1386 of
523 1350 584 1385 the
629 1361 727 1385 same
768 1350 891 1396 figure,

198 1405 336 1440 Seneca
369 1406 459 1450 (Ep.
497 1415 571 1447 104,
597 1406 637 1449 4)
673 1404 797 1439 makes
831 1404 893 1438 the

196 1460 378 1492 maximus
392 1459 546 1504 fructus
563 1457 606 1492 of
624 1457 685 1491 old
702 1468 769 1503 age
788 1463 825 1491 to
846 1457 892 1491 be

195 1512 356 1545 securior
379 1513 441 1544 sui
467 1511 580 1545 tutela
612 1514 646 1544 et
673 1512 772 1544 vitae
804 1521 893 1544 usus

195 1565 407 1598 animosior.
420 1585 466 1590 -
481 1577 509 1597 1.
538 1574 645 1607 saepe
663 1565 759 1598 dixi:
779 1565 838 1598 i.e.
858 1574 891 1609 9,

164 1633 167 1635 -
196 1628 216 1661 3
244 1616 306 1661 ff.;
340 1617 396 1660 62,
431 1627 612 1662 5-7.—2.
649 1619 819 1651 memoria
855 1619 892 1651 et

196 1672 317 1713 copia:
344 1672 446 1716 copia
472 1671 502 1706 is
528 1671 647 1708 added
674 1677 712 1706 to
741 1671 892 1716 provide

197 1724 251 1759 for
274 1724 335 1759 the
358 1724 480 1770 things
501 1724 618 1759 which
637 1736 696 1759 are
718 1724 790 1759 still
810 1736 893 1769 pos-

196 1777 321 1812 sessed
346 1778 419 1812 and
444 1777 608 1823 enjoyed,
632 1778 807 1824 although
835 1789 893 1813 ac-

196 1830 322 1876 quired
350 1831 397 1876 by
430 1836 511 1875 past
544 1830 678 1873 efforts,
712 1832 770 1865 i.e.
806 1835 894 1866 ante

200 1887 317 1930 parta
342 1885 445 1918 bona.
458 1896 548 1925 —3.
577 1887 772 1919 secundum
789 1888 893 1920 natu-

196 1948 293 1971 ram:
314 1937 373 1972 the
393 1937 493 1972 Stoic
510 1938 702 1984 teaching3
730 1939 774 1974 cf.
796 1951 843 1974 on
861 1949 890 1984 5,

197 2002 230 2036 3.
243 2002 332 2032 —3.
354 1992 537 2024 habenda:
558 1996 615 2026 ‘to
626 1991 672 2026 be
686 1992 891 2027 reckoned.'

195 2055 278 2084 —4.
297 2045 389 2086 quod
403 2044 518 2077 idem:
539 2043 583 2078 cf.
598 2044 653 2087 68,
668 2045 710 2087 63
729 2054 761 2087 4,
780 2055 893 2078 11.—

197 2107 228 2138 7.
249 2098 413 2131 fiammae
423 2098 502 2130 vis:
523 2097 568 2131 cf.
584 2098 733 2138 Seneca,
748 2099 818 2143 Ep.
835 2109 891 2142 30.

93 2164 97 2166 ·
151 2196 158 2201 ῃ
200 2159 261 2192 14:
286 2151 389 2195 Ignis
407 2152 475 2196 qui
493 2150 675 2185 valentem
698 2153 892 2185 materiave

195 2205 394 2248 occupavit,
413 2215 511 2248 aqua
528 2207 561 2237 et
577 2204 763 2238 interdum
776 2206 891 2238 ruina

195 2257 479 2301 exstinguendus
513 2260 565 2290 est
576 2273 588 2294 .·
633 2257 693 2290 ille
726 2258 794 2302 qui
825 2257 893 2291 ali-

196 2310 325 2343 mentis
356 2309 534 2354 deficitur,
563 2321 631 2343 sua
659 2312 786 2354 sponte
813 2311 893 2344 sub-

194 2363 296 2397 sidit.
310 2367 403 2396 —8.
469 2365 720 2406 consumptus:
783 2363 820 2398 in
873 2375 894 2397 a

197 2415 332 2451 middle
350 2427 477 2459 sense;
505 2416 566 2451 the
584 2417 753 2459 ordinary
772 2427 894 2450 mean-

960 1137 1023 1183 ing
1053 1136 1164 1183 being
1192 1137 1376 1183 expressly
1404 1137 1581 1174 excluded
1609 1138 1658 1185 by

961 1190 1064 1224 nulla
1077 1190 1240 1237 adbibita
1252 1191 1304 1225 vi.
1318 1211 1364 1216 —
1374 1202 1407 1232 9.
1427 1192 1552 1234 quasi:
1572 1191 1658 1227 here

960 1243 1049 1277 used
1087 1244 1145 1288 (as
1172 1255 1257 1289 very
1290 1243 1425 1290 rarely)
1461 1244 1499 1279 in
1531 1255 1554 1279 a
1585 1244 1658 1280 real

961 1296 1202 1341 comparison,
1236 1297 1380 1332 instead
1415 1296 1458 1332 of
1487 1298 1659 1343 quemad-

961 1350 1118 1393 modum,
1137 1360 1178 1385 or
1206 1350 1296 1396 (less
1321 1349 1542 1396 frequently)
1563 1354 1659 1386 tam—

960 1414 1082 1448 quam.
1135 1404 1194 1448 (L.
1214 1413 1314 1446 2122,
1333 1403 1473 1438 revised
1491 1403 1573 1447 ed.;
1607 1404 1655 1438 G.

961 1457 1041 1500 602,
1059 1468 1096 1490 n.
1117 1455 1168 1501 1).
1213 1456 1305 1491 This
1319 1456 1384 1491 has
1397 1456 1490 1492 been
1500 1456 1658 1492 counted

963 1520 1003 1544 as
1021 1521 1092 1544 one
1110 1509 1151 1544 of
1166 1510 1229 1544 the
1246 1509 1437 1545 conscious
1459 1509 1657 1545 archaisms

964 1563 1005 1597 of
1027 1563 1088 1597 the
1108 1562 1228 1606 book3
1255 1562 1301 1598 cf.
1322 1564 1422 1607 Intr.,
1443 1565 1461 1607 ς
1479 1573 1536 1607 21,
1557 1574 1596 1597 n.
1622 1573 1656 1609 5.

960 1628 1048 1657 —9.
1075 1617 1139 1650 vix
1163 1618 1386 1651 evelluntur:
1420 1616 1482 1651 the
1507 1621 1658 1652 amount

964 1669 1004 1705 of
1026 1669 1198 1715 difficulty
1231 1681 1273 1705 or
1301 1669 1407 1705 effort
1438 1669 1588 1715 implied
1618 1669 1658 1704 in

961 1724 1031 1757 vix
1059 1723 1089 1757 is
1121 1723 1246 1769 purely
1279 1723 1560 1759 relative.-1o.
1602 1724 1656 1758 si:

963 1776 1018 1811 sor
1045 1778 1127 1818 sin,·
1162 1776 1207 1812 cf.
1244 1777 1300 1821 85,
1332 1776 1500 1811 6.—10.
1536 1778 1656 1812 cocta:

961 1832 1021 1864 i.e.
1048 1830 1096 1875 by
1120 1830 1183 1865 the
1209 1841 1299 1873 sun;
1326 1829 1371 1865 cf.
1398 1830 1527 1874 Varro,
1546 1831 1594 1866 R.
1609 1831 1656 1866 R.

965 1894 993 1926 1,
1012 1893 1043 1927 7,
1062 1893 1104 1926 4:
1130 1894 1191 1918 eas
1215 1882 1395 1929 [arbores]
1427 1909 1435 1917 .
1465 1909 1474 1917 .
1504 1909 1514 1917 .
1539 1883 1596 1918 sol
1616 1894 1659 1919 ac

959 1937 1050 1971 luna
1063 1940 1214 1982 coquant
1228 1948 1240 1977 ,⁰
1257 1935 1302 1971 cf.
1323 1937 1378 1979 28,
1390 1945 1479 1979 7.—
1492 1948 1544 1971 ιι.
1564 1938 1659 1971 seni·

960 1993 1026 2024 bus
1059 1991 1272 2024 maturitas:
1307 1989 1352 2024 cf.
1397 1990 1548 2033 Senem,
1579 1990 1655 2036 Ep.

959 2044 1010 2078 l.c.
1025 2056 1036 2078 .·
1068 2044 1156 2078 Non
1181 2043 1348 2078 dubitare
1367 2046 1490 2077 autem
1509 2053 1548 2077 se
1567 2043 1658 2088 quin

959 2097 1082 2131 senilz's
1094 2098 1222 2131 anima
1239 2098 1279 2131 in
1294 2097 1434 2142 primis
1445 2095 1560 2130 labris
1572 2100 1661 2130 esset

960 2161 1022 2184 nec
1042 2160 1176 2196 magna
1194 2151 1237 2184 vi
1253 2149 1524 2184 distraheretur
1538 2160 1563 2183 a
1582 2159 1660 2184 cor-

964 2206 1067 2249 pore.
1080 2223 1127 2228 —
1140 2214 1193 2237 11.
1221 2213 1332 2246 quae:
1356 2202 1418 2238 i.e.
1434 2203 1660 2243 maturitas,-

960 2257 1025 2291 but
1048 2257 1109 2291 the
1134 2256 1246 2302 figure
1267 2256 1426 2303 changes
1451 2255 1543 2291 from
1567 2255 1660 2302 ripe—

962 2322 1046 2345 ness
1072 2316 1109 2344 to
1135 2310 1196 2344 the
1216 2321 1356 2356 voyage
1381 2309 1504 2356 nearly
1526 2307 1660 2352 ended,

963 2363 1024 2398 the
1034 2363 1166 2398 hai-bor
1176 2363 1213 2397 in
1227 2363 1336 2409 sight.
1346 2383 1390 2389 -
1401 2374 1451 2397 ια.
1469 2364 1656 2398 accedam:

962 2416 1079 2462 suij.
1104 2416 1151 2461 by
1174 2415 1367 2452 attraction
1392 2420 1431 2451 to
1454 2416 1653 2451 videar.—

899 2483 960 2516 142
