1786 2780
214 164 231 204 §
250 164 372 206 76-77]

692 164 739 196 M.
769 164 907 196 TVLLI
938 164 1184 197 CICERONIS

212 274 256 314 in
291 280 541 324 senectute;
585 280 687 315 sunt
727 280 922 315 extrema
962 274 1178 328 quaedam
1220 275 1365 317 studia
1405 276 1670 331 senectutis;

212 356 330 396 ergo,
354 349 402 383 ut
433 344 706 396 superiorum
738 349 931 383 aetatum
964 343 1109 384 studia
1134 344 1353 394 occidunt,
1377 344 1439 386 sic
1465 345 1672 388 occidunt

212 410 344 453 etiam
375 412 638 461 senectutis;
672 411 789 465 quod
821 424 921 452 cum
953 411 1113 462 evenit,
1143 412 1324 455 satietas
1348 414 1465 455 vitae
1495 419 1671 468 tempus

212 487 433 521 maturum
455 481 607 521 mortis
628 480 785 521 adfert.

270 548 397 589 XXI.
441 559 505 599 77.
551 549 939 602 Equidem—non
981 549 1097 591 enim
1138 550 1267 591 video
1306 564 1395 600 cur,
1430 550 1536 605 quid
1574 552 1671 605 ipse

214 618 399 658 sentiam
450 617 506 658 de
546 623 697 667 morte,
739 631 828 658 non
868 618 1055 659 audeam
1096 618 1220 660 vobis
1260 618 1417 669 dicere,
1460 619 1578 674 quod
1618 632 1672 662 eo

213 699 393 727 cernere
415 686 523 726 mihi
543 686 699 726 melius
719 686 872 727 videor
892 700 979 740 quo
996 686 1052 727 ab
1074 700 1126 728 ea
1149 687 1330 741 propius
1351 687 1506 728 absum
1522 701 1672 742 —ego

213 760 381 795 vestros
404 761 563 808 patres,
587 761 724 804 tuum,
750 755 913 808 Scipio,
935 762 1161 809 tuumque,
1189 756 1325 805 Laeli,
1348 756 1465 797 viros
1485 756 1672 798 clarissi-

182 836 310 872 5mos
341 823 535 877 mihique
566 822 864 872 amicissimos,
891 824 1039 865 vivere
1071 824 1268 873 arbitror,
1292 831 1336 865 et
1366 838 1463 865 earn
1494 824 1670 879 quidem

213 891 347 932 vitam
369 905 482 945 quae
505 898 573 932 est
594 892 688 933 sola
711 892 802 933 vita
826 893 1109 933 nominanda.

1174 893 1290 934 Nam
1312 893 1417 933 dum
1439 906 1591 935 sumus
1610 893 1673 934 in-

214 960 324 1002 clusi
354 961 399 1001 in
427 959 496 1002 his
521 960 810 1014 compagibus
836 962 1045 1015 corporis,
1068 974 1251 1003 munere
1272 962 1463 1015 quodam
1489 963 1675 1004 necessi-

214 1079 315 1111 dem:
351 1076 397 1112 cf.
425 1088 473 1112 on
502 1087 557 1122 33,
595 1081 734 1111 1.-—8.
766 1078 908 1111 evenit:

214 1130 359 1176 perfect,
373 1141 413 1164 as
431 1129 531 1165 often
549 1130 586 1164 in
600 1130 662 1165 the
676 1130 911 1165 subordinate

214 1184 335 1218 clause
359 1182 402 1218 of
420 1194 442 1217 a
467 1188 612 1228 present
635 1183 782 1229 general
801 1189 913 1219 state-

215 1242 335 1280 ment3
362 1235 408 1271 cf.
425 1237 464 1270 L.
487 1236 586 1280 1613.

271 1292 333 1324 77.
379 1291 575 1333 Equidem:
614 1289 711 1324 what
743 1290 808 1325 has
837 1290 911 1337 just

215 1343 308 1378 been
325 1343 405 1378 said
422 1343 464 1378 of
484 1343 547 1378 the
563 1343 767 1378 successive
789 1349 910 1389 stages

215 1396 259 1431 of
284 1396 357 1439 life,
386 1396 498 1442 easily
527 1396 628 1431 leads
662 1408 749 1431 over
777 1402 815 1431 to
848 1397 911 1432 the

215 1449 305 1484 view
330 1449 408 1484 that
435 1450 537 1484 there
567 1455 662 1483 must
686 1450 732 1484 be
757 1450 912 1484 another

216 1508 318 1549 stage
356 1502 504 1548 beyond
536 1502 598 1537 the
629 1503 740 1537 limits
774 1503 814 1537 of
848 1503 912 1538 the

215 1561 361 1602 present
386 1555 563 1590 life.—2.
591 1558 704 1599 quod:
731 1555 763 1590 if
780 1556 911 1602 object,

216 1609 244 1643 it
263 1609 374 1644 refers
402 1609 542 1655 loosely
564 1614 603 1644 to
626 1610 718 1655 quid
737 1611 813 1654 ipse
833 1621 912 1644 sen-

215 1664 307 1697 tiam
321 1674 333 1704 ,·
359 1662 453 1697 what
466 1674 539 1697 was
556 1668 592 1697 at
610 1663 686 1697 first
705 1662 866 1707 opinion,
881 1663 911 1697 is

217 1727 299 1751 now
310 1716 405 1751 clear
418 1716 550 1751 vision.
593 1718 663 1750 But
674 1727 818 1750 cernere
831 1728 912 1762 may

217 1769 264 1805 be
291 1769 467 1813 absolute,
495 1769 568 1803 and
594 1770 692 1815 quod
721 1769 853 1804 causal.
866 1790 913 1794 —

217 1835 248 1865 3.
274 1833 433 1857 cernere:
462 1822 507 1858 cf.
538 1823 594 1866 82,
624 1822 667 1866 63
698 1823 754 1867 83,
779 1833 821 1867 3;
856 1823 912 1865 84,

222 1877 275 1911 16.
287 1897 335 1902 —
345 1888 378 1918 3.
400 1879 446 1910 ab
463 1887 506 1910 ea
521 1878 668 1919 propius
684 1879 831 1910 absum:
851 1876 913 1910 the

219 1930 324 1965 Latin
356 1930 505 1977 regards
539 1941 710 1965 neamess
736 1930 810 1964 and
841 1930 914 1964 dis-

218 1990 333 2027 tance,
348 1990 413 2019 not
426 1995 466 2018 as
479 1984 666 2029 opposites
685 1984 743 2029 (as
755 1984 792 2017 in
805 1985 815 2003 ‘
828 1994 915 2018 near

218 2038 278 2080 to,'
307 2037 381 2071 and
411 2037 569 2071 ‘distant
602 2037 694 2072 from
706 2037 747 2081 '),
778 2036 842 2071 but
873 2048 913 2071 as

218 2089 385 2125 different
432 2090 584 2136 degrees
626 2089 668 2125 of
707 2090 769 2124 the
814 2101 913 2124 same

219 2143 335 2189 thing.
402 2143 483 2177 The
516 2143 697 2188 approach
731 2142 772 2178 of
804 2143 912 2177 death

218 2207 290 2231 was
323 2196 480 2242 thought
512 2201 550 2230 to
583 2195 690 2242 bring
725 2196 915 2240 prophetie

219 2249 586 2292 vision,-—divinare
611 2274 620 2282 .
648 2275 655 2281 .
685 2274 693 2282 .
713 2250 913 2291 morientes,

218 2303 308 2337 Div.
326 2312 354 2344 1,
368 2302 427 2344 64.
440 2306 527 2335 -6.
552 2303 689 2336 vitam:
712 2313 763 2337 sc.
778 2303 912 2337 vivere.

218 2360 308 2389 —6.
350 2357 428 2389 sola
465 2356 545 2389 vita
582 2356 820 2389 nominanda:
866 2354 910 2390 cf.

223 2410 262 2443 T.
280 2409 330 2443 D.
363 2418 392 2453 1,
422 2418 487 2454 75:
525 2409 629 2443 Nam
658 2408 743 2443 llaec
770 2408 914 2455 quidem

978 1078 1058 1112 vita
1095 1089 1193 1112 mors
1231 1081 1307 1119 est,·
1350 1078 1478 1112 Somn.
1510 1078 1571 1112 Sc.
1609 1087 1672 1121 14:

979 1132 1097 1165 Immo
1118 1142 1205 1165 vero
1232 1156 1240 1165 .
1269 1156 1279 1165 .
1310 1156 1319 1164 .
1344 1130 1388 1165 ln·
1407 1131 1545 1165 vivunt
1566 1132 1635 1177 qui
1657 1142 1676 1165 c

978 1186 1173 1229 corporum
1186 1184 1344 1218 vinculis
1354 1187 1546 1229 tamquam
1560 1195 1581 1219 e
1593 1194 1677 1218 car·

978 1248 1055 1271 cere
1070 1237 1319 1278 evolaverunt,
1335 1240 1462 1271 vestra
1477 1247 1566 1271 vero
1582 1247 1678 1282 quae

979 1291 1116 1324 dicitur
1138 1291 1218 1324 vita
1250 1301 1351 1324 mors
1381 1293 1457 1332 est3
1487 1289 1534 1325 cf.
1558 1290 1675 1332 Plato,

984 1344 1150 1389 Gorgias,
1157 1352 1224 1388 492
1238 1344 1282 1385 E,
1290 1342 1444 1388 quoting
1453 1341 1676 1387 Euripidae's

979 1396 1072 1431 lines
1094 1397 1134 1443 (a
1150 1395 1349 1442 fragment)
1365 1408 1432 1430 :—

979 1500 1034 1541 τίς
1051 1498 1081 1538 δ’
1098 1498 1201 1544 οἶδεν,
1219 1501 1250 1539 εἰ
1265 1500 1308 1538 τὸ
1324 1500 1390 1549 ζῆν
1404 1498 1473 1549 μέν
1494 1500 1577 1538 ἔστι
1592 1515 1676 1538 κατ·-

1074 1552 1200 1597 θανεῖν,

979 1607 1024 1645 τὸ
1040 1606 1226 1645 κατθανεῖν
1243 1605 1281 1644 δὲ
1297 1606 1387 1655 ζῆν;

978 1722 1070 1751 -6,
1107 1718 1237 1751 inclusi
1276 1718 1316 1751 in
1355 1717 1414 1751 his
1445 1718 1678 1761 compagibus

980 1772 1156 1814 corporis:
1184 1770 1229 1807 cf,
1250 1771 1306 1813 81,
1321 1780 1362 1815 53
1387 1771 1513 1805 Somn.
1529 1772 1587 1805 Sc.
1599 1770 1678 1812 I.c.;

985 1826 1024 1859 Τ.
1050 1825 1099 1859 D.
1129 1834 1158 1868 1,
1186 1833 1250 1869 75:
1280 1827 1315 1857 et
1337 1834 1420 1858 cum
1443 1823 1529 1858 illuc
1552 1823 1678 1859 exhis

982 1877 1114 1912 vinclis
1143 1878 1267 1911 emissi
1281 1877 1466 1923 feremur,
1485 1903 1494 1911 .
1516 1902 1526 1911 .
1546 1902 1578 1920 .,
1602 1876 1677 1912 and

982 1931 1049 1965 ib..·
1081 1931 1149 1976 qui
1178 1932 1218 1964 in
1259 1930 1484 1975 compedibus
1513 1930 1678 1975 corporis

981 1986 1125 2029 semper
1138 1983 1315 2030 fuerunt,
1339 2008 1348 2016 .
1370 2008 1379 2015 .
1398 1994 1429 2024 .;
1456 1982 1501 2017 cf.
1520 1982 1564 2017 ib.
1589 1982 1675 2025 1183

981 2037 1140 2079 Laelius,
1159 2045 1220 2079 143
1249 2036 1364 2079 Plato,
1382 2035 1535 2079 Phoda,
1550 2036 1596 2080 67
1617 2036 1675 2079 D;

986 2090 1167 2134 Cratylus,
1201 2098 1270 2131 400
1299 2089 1340 2124 C.
1411 2089 1528 2124 Varro
1554 2088 1594 2124 in
1618 2088 1677 2125 his

986 2143 1162 2177 Tithonus
1186 2143 1284 2188 (Sat.
1310 2142 1411 2177 Men.
1438 2151 1518 2187 547.
1541 2141 1675 2188 mich.)

983 2196 1106 2231 makes
1129 2196 1191 2230 the
1215 2195 1314 2241 body
1338 2195 1402 2230 the
1426 2194 1520 2230 shell
1533 2193 1678 2238 onfind

981 2248 1024 2283 os
1035 2249 1097 2283 the
1114 2248 1193 2284 soul
1207 2261 1214 2282 :
1242 2249 1305 2282 Sic
1319 2249 1520 2282 invztataa
1535 2250 1679 2284 natura

981 2303 1109 2336 anima
1137 2303 1349 2347 corporeum
1375 2301 1540 2335 corticem
1559 2300 1679 2349 sauz!

983 2354 1141 2400 reliquit.
1160 2375 1208 2380 —
1225 2365 1255 2397 7.
1293 2354 1549 2389 necessitatis:
1593 2352 1679 2390 sub—

980 2408 1110 2453 jective
1143 2419 1226 2453 gen.
1288 2408 1332 2442 In
1356 2407 1420 2442 the
1443 2406 1678 2454 explanation

919 2466 981 2507 148
