1786 2780
503 158 622 190 CATO
654 156 809 189 MAIOR
840 157 905 188 DE
937 156 1202 189 SENECTVTE

1422 155 1460 198 [ἓ
1478 155 1585 199 58-59

116 275 264 311 utrum
314 267 478 318 libebit,
525 266 734 321 quoniam
786 265 882 307 sine
933 266 997 307 eis
1048 265 1179 307 beata
1229 278 1327 306 esse
1378 272 1584 307 senectus

116 344 276 393 potest.

173 407 325 449 XVII.
369 417 434 459 59.
480 405 648 447 Multas
680 405 736 446 ad
768 417 838 446 res
876 403 1087 458 perutiles
1129 404 1444 457 Xenophontis
1485 403 1584 444 libri

115 482 242 527 sunt;
275 470 386 530 quos
418 475 564 528 legite,
596 487 774 529 quaeso,
802 474 1009 523 studiose,
1034 479 1083 514 ut
1112 473 1272 513 facitis.

1337 473 1484 526 Quam
1517 486 1585 514 co-

114 546 238 600 piose
271 545 327 586 ab
360 558 413 586 eo
446 545 542 597 agri
575 544 748 585 cultura
778 542 983 584 laudatur
1013 543 1058 582 in
1091 555 1143 583 eo
1178 542 1289 583 libro
1324 542 1399 596 qui
1431 548 1499 583 est
1529 542 1584 584 de

113 614 280 656 tuenda
310 627 358 655 re
389 613 608 662 familiari,
633 612 708 667 qui
741 611 1068 654 Oeconomicus
1093 610 1367 652 inscribitur!
1431 611 1584 664 Atque

114 691 162 725 ut
182 682 452 737 intellegatis
472 682 583 723 nihil
603 682 644 723 ei
668 688 759 723 tam
786 681 935 735 regale
957 681 1096 722 videri
1117 694 1250 734 quam
1273 679 1467 721 studium
1489 680 1584 733 agri
1598 694 1615 729 5

114 752 300 802 colendi,
325 752 530 795 Socrates
552 751 597 792 in
619 765 671 793 eo
693 751 803 792 libro
827 750 1020 804 loquitur
1042 763 1142 791 cum
1166 749 1393 792 Critobulo
1417 750 1583 805 Cyrum

114 821 342 871 minorem,
367 822 601 863 Persarum
632 833 796 874 regem,
821 825 1122 873 praestantem
1149 818 1328 872 ingenio
1354 825 1488 872 atque
1509 820 1584 859 im-

114 891 209 946 peri
239 890 391 945 gloria,
429 903 529 931 cum
569 889 802 945 Lysander
845 877 1239 938 Lacedaemonius,
1277 888 1344 929 vir
1384 901 1584 930 summae

112 960 298 1011 virtutis,
321 960 517 1002 venisset
538 959 594 1000 ad
616 972 718 1000 eum
742 958 894 1001 Sardis
916 959 1044 1013 eique
1071 957 1188 999 dona
1205 971 1234 998 va
1256 957 1384 999 sociis
1407 957 1585 999 adtulis-

113 1078 187 1113 and
203 1077 241 1112 in
258 1077 322 1113 the
342 1088 425 1113 oese
445 1076 488 1112 of
508 1077 569 1112 old
592 1088 688 1111 men.
739 1078 814 1111 Au-

111 1137 240 1178 gustus
277 1131 398 1177 (Suet.
431 1131 564 1176 70-71)
602 1130 676 1165 and
708 1130 814 1165 other

112 1195 297 1230 emperors
322 1195 415 1220 were
443 1184 551 1220 much
576 1184 748 1219 addieted
775 1189 813 1218 to

111 1238 420 1285 gambling.—3.
454 1239 492 1272 id
525 1239 672 1281 ipsum:
715 1249 813 1273 com-

112 1291 296 1338 prehends
324 1292 386 1326 the
411 1292 530 1327 whole
563 1291 733 1337 question
766 1291 809 1326 of

111 1345 271 1392 keeping
294 1350 333 1381 to
358 1345 588 1389 themselves,
616 1356 658 1380 or
685 1345 814 1391 giving

111 1411 161 1445 up
185 1405 224 1435 to
248 1411 304 1435 us.
356 1400 400 1434 In
420 1410 442 1434 a
465 1399 568 1434 fuller
592 1399 803 1444 expression

112 1452 156 1489 of
187 1453 251 1489 the
283 1453 451 1499 thought,
486 1465 537 1488 we
571 1453 687 1499 might
720 1453 813 1488 have

112 1507 329 1554 disjunctive
354 1507 493 1543 clauses
523 1507 668 1543 instead
697 1507 739 1543 of
765 1508 809 1542 id

112 1562 246 1607 ipsum,
287 1572 360 1608 e.g.
404 1565 533 1596 utrum
571 1561 696 1605 libebit,
737 1562 814 1596 sive

113 1615 212 1650 nobis
238 1615 445 1661 relinquere
474 1617 553 1650 sive
579 1616 649 1650 sibi
673 1615 812 1658 habere,

113 1669 265 1718 faciant
284 1669 350 1716 (cf.
376 1669 446 1704 last
472 1669 638 1715 example
662 1669 700 1703 in
726 1674 813 1703 next

113 1721 335 1767 note).—4.
369 1725 517 1757 utrum:
561 1723 647 1758 here
679 1734 727 1757 an
760 1723 813 1757 in-

113 1776 263 1812 definite
295 1776 453 1820 relative,
479 1777 726 1820 ‘whichever,'
751 1778 809 1811 i.e.

114 1834 454 1876 utrumcumque
489 1832 551 1877 (or
583 1831 811 1876 utcumque).

50 1927 53 1929 ¹
113 1883 207 1918 This
224 1894 288 1919 use
305 1895 374 1919 can
392 1884 438 1920 be
458 1884 596 1930 readily
613 1883 814 1919 illustrated

113 1936 206 1972 from
219 1937 356 1980 Cicero,
368 1948 429 1983 eg.
441 1939 532 1973 Dz'v.
548 1948 579 1981 2,
596 1947 654 1981 141
670 1951 677 1972 :
698 1939 816 1972 Potest

114 1992 260 2026 omnino
276 1991 339 2026 lzoc
358 2002 432 2026 esse
445 1991 606 2038 falsum,
618 1994 738 2037 potest
755 2003 815 2026 ve-

114 2055 226 2087 rum,·
246 2045 320 2088 sed,
346 2048 474 2080 utrum
498 2049 560 2089 est,
585 2057 656 2080 non
674 2049 727 2080 est
746 2046 813 2079 mi-

113 2098 253 2140 rabile5
285 2099 390 2134 Verr.
417 2108 449 2142 2,
473 2108 536 2144 150
550 2100 649 2144 fin..·
679 2100 815 2134 Utrum

113 2151 182 2186 tibi
209 2152 434 2187 commodum
467 2156 529 2195 est,
559 2153 668 2198 elegeq
708 2153 754 2187 ib.
782 2163 814 2197 3,

118 2205 204 2239 106:
236 2205 373 2240 Utrum
395 2207 492 2241 enim
512 2206 645 2241 lterum
667 2207 815 2250 dixerzk,

115 2259 155 2293 in
172 2270 211 2293 eo
222 2259 330 2304 culpa
347 2263 382 2294 et
397 2261 535 2294 crimen
548 2260 707 2294 haerebit
719 2272 731 2302 ,⁰
742 2262 818 2305 pro

119 2312 237 2347 Tullio
254 2313 318 2347 28:
349 2313 487 2348 Utrum
511 2314 609 2348 enim
634 2314 819 2348 ostendere

118 2368 248 2412 potest,
266 2367 344 2401 sive
369 2393 377 2400 .
404 2393 412 2400 .
440 2393 448 2401 .
470 2368 548 2402 sive
573 2392 581 2401 .
610 2393 618 2400 .

116 2430 250 2454 necesse
266 2423 341 2462 est‚·
366 2420 411 2456 cf.
431 2421 529 2466 App.

249 2483 403 2515 MOORE’S
427 2490 476 2514 DE
500 2490 662 2524 snm—9

647 2392 654 2399 .
667 2392 676 2411 ,
694 2368 820 2402 vincat

939 1077 1003 1109 59.
1032 1087 1065 1110 2.
1092 1077 1224 1118 legite:
1253 1075 1339 1110 here
1358 1075 1399 1110 of
1412 1075 1584 1120 repeated

882 1130 1046 1176 reading.
1060 1141 1150 1164 -2.
1177 1132 1219 1164 ut
1235 1129 1381 1163 facitis:
1409 1129 1453 1164 cf.
1475 1131 1514 1163 T.
1533 1130 1583 1163 l).

883 1193 914 1226 2,
927 1183 971 1217 62
985 1196 993 1217 ε
1008 1186 1152 1229 semper
1162 1184 1372 1230 Africanus
1388 1209 1396 1216 .
1415 1209 1422 1216 .
1441 1209 1449 1216 .
1464 1183 1585 1217 Xeno-

885 1237 1060 1282 phontem
1093 1238 1133 1271 in
1167 1237 1339 1271 manibus
1365 1237 1525 1271 habebat.
1538 1257 1585 1262 —-

882 1302 915 1332 3.
943 1292 981 1324 in
998 1299 1038 1325 eo
1055 1291 1165 1325 libro:
1193 1292 1247 1325 i.e.
1265 1291 1392 1326 Oecon.
1408 1300 1441 1333 4,
1455 1300 1544 1324 20—2
1549 1301 1582 1336 5.

880 1356 972 1386 —3.
1009 1346 1053 1379 de
1084 1346 1219 1379 tuenda
1250 1354 1287 1378 re
1319 1344 1516 1378 familiari:
1564 1355 1585 1378 a

883 1398 991 1433 Latin
1007 1398 1152 1434 version
1170 1397 1211 1434 of
1223 1398 1285 1433 the
1300 1398 1421 1433 Greek
1440 1398 1526 1433 title.
1539 1419 1586 1424 —

882 1464 914 1494 4.
935 1454 1185 1488 oeconomicus
1198 1465 1205 1486 :
1222 1452 1296 1487 this
1306 1452 1404 1487 work
1416 1451 1457 1487 of
1464 1453 1585 1486 Xeno—

882 1507 983 1552 phon
1007 1507 1135 1543 Cicero
1154 1507 1228 1542 had
1250 1507 1450 1542 translated
1469 1507 1506 1541 in
1528 1506 1585 1540 his

882 1561 1009 1607 youth.
1072 1561 1154 1596 The
1182 1562 1289 1596 latter
1315 1566 1407 1606 part,
1436 1561 1587 1607 dealing

882 1615 968 1649 with
980 1615 1206 1661 agriculture,
1215 1627 1288 1650 was
1298 1626 1368 1650 one
1380 1614 1422 1650 of
1428 1614 1585 1660 Vergil's

882 1669 1097 1704 authorities
1109 1669 1240 1715 (along
1247 1669 1334 1703 with
1348 1670 1471 1715 Mago,
1481 1670 1585 1712 Cato,

882 1723 954 1757 and
964 1722 1101 1767 Varro)
1115 1723 1151 1757 in
1165 1723 1308 1769 writing
1319 1723 1381 1758 the
1394 1723 1584 1769 GeorgicS‚

882 1776 956 1811 and
975 1777 1019 1811 he
1037 1788 1188 1821 appears
1207 1781 1246 1812 to
1268 1777 1359 1812 have
1376 1776 1467 1812 used
1483 1776 1586 1812 Cice-

883 1831 953 1865 ro's
967 1829 1183 1865 translation
1202 1830 1369 1875 (Servius
1388 1842 1436 1866 on
1454 1831 1582 1876 Georg.

888 1893 916 1927 1,
929 1883 1009 1929 43),
1021 1895 1061 1919 as
1076 1884 1139 1919 did
1153 1884 1366 1928 Columella,
1385 1894 1436 1928 12,
1451 1894 1483 1925 2,
1495 1884 1528 1918 6.
1540 1904 1587 1909 —

884 1948 916 1979 5.
948 1940 990 1972 ut
1019 1939 1264 1981 intellegatis:
1301 1938 1346 1973 cf.
1379 1949 1427 1972 on
1457 1947 1511 1983 52,
1543 1947 1583 1980 23

885 1997 950 2027 not
982 1991 1046 2027 the
1078 2003 1234 2037 purpose
1267 1991 1310 2026 of
1344 1992 1588 2027 Socrates.—

884 2049 918 2079 6.
945 2047 1123 2088 loquitur:
1166 2045 1222 2081 for
1253 2057 1302 2080 no
1327 2045 1480 2080 obvious
1511 2055 1587 2080 rea-

885 2110 952 2134 son
981 2099 1081 2145 loqui
1103 2099 1189 2134 with
1218 2110 1294 2134 acc.
1322 2099 1396 2134 and
1426 2098 1527 2133 infin.
1557 2097 1586 2132 is

885 2164 974 2196 rare,
1001 2153 1075 2187 and
1106 2164 1190 2199 very
1219 2163 1297 2188 rare
1325 2152 1409 2187 with
1446 2164 1467 2187 a
1500 2152 1588 2187 defi-

886 2206 961 2242 nite
986 2206 1147 2252 subject3
1183 2206 1226 2241 cf.
1254 2207 1300 2241 G.
1331 2215 1408 2252 527,
1434 2215 1474 2240 R.
1496 2216 1589 2240 2.—

887 2271 916 2303 7.
943 2270 1084 2303 regem:
1113 2259 1279 2305 ‘prince,'
1299 2260 1384 2295 with
1405 2271 1452 2295 no
1466 2259 1589 2294 added

887 2314 1016 2350 notion
1049 2313 1091 2349 of
1119 2314 1333 2359 pretender3
1376 2314 1589 2359 Xenophon

888 2368 974 2403 calls
1015 2367 1091 2402 him
1138 2366 1318 2413 βασιλεύς
1364 2368 1514 2415 (Oecon.
1556 2377 1590 2410 4.

891 2421 1073 2467 16).—9.
1104 2422 1254 2456 virtutis
1274 2433 1282 2455 z
1324 2422 1521 2467 ‘capacity.
1546 2441 1592 2446 —

822 2488 889 2526 129
