<?xml version="1.0" encoding="UTF-8"?>
<!DOCTYPE html PUBLIC "-//W3C//DTD XHTML 1.0 Transitional//EN"
    "http://www.w3.org/TR/xhtml1/DTD/xhtml1-transitional.dtd">
<html xmlns="http://www.w3.org/1999/xhtml" xml:lang="en" lang="en">
 <head>
  <title>
</title>
<meta http-equiv="Content-Type" content="text/html;charset=utf-8" />
  <meta name='ocr-system' content='tesseract 3.04.00' />
  <meta name='ocr-capabilities' content='ocr_page ocr_carea ocr_par ocr_line ocrx_word'/>
</head>
<body>
  <div class='ocr_page' id='page_1' title='image "./mtvlliciceronisc00ciceuoft/mtvlliciceronisc00ciceuoft_0164.png"; bbox 0 0 1786 2780; ppageno 0'>
   <div class='ocr_carea' id='block_1_1' title="bbox 210 164 304 205">
    <p class='ocr_par' dir='ltr' id='par_1_1' title="bbox 210 164 304 205">
     <span class='ocr_line' id='line_1_1' title="bbox 210 164 304 205; baseline -0.021 0"><span class='ocrx_word' id='word_1_1' title='bbox 210 166 227 205; x_wconf 66' lang='grc' dir='ltr'>ἐ</span> <span class='ocrx_word' id='word_1_2' title='bbox 245 164 304 204; x_wconf 81' lang='lat'>85]</span> 
     </span>
    </p>
   </div>
   <div class='ocr_carea' id='block_1_2' title="bbox 687 164 1181 197">
    <p class='ocr_par' dir='ltr' id='par_1_2' title="bbox 687 164 1181 197">
     <span class='ocr_line' id='line_1_2' title="bbox 687 164 1181 197; baseline 0 -1"><span class='ocrx_word' id='word_1_3' title='bbox 687 164 735 197; x_wconf 91' lang='lat' dir='ltr'>M.</span> <span class='ocrx_word' id='word_1_4' title='bbox 764 165 902 196; x_wconf 92' lang='lat' dir='ltr'>TVLLI</span> <span class='ocrx_word' id='word_1_5' title='bbox 934 164 1181 197; x_wconf 89' lang='lat' dir='ltr'>CICERONIS</span> 
     </span>
    </p>
   </div>
   <div class='ocr_carea' id='block_1_3' title="bbox 176 272 1669 739">
    <p class='ocr_par' dir='ltr' id='par_1_3' title="bbox 209 272 1668 465">
     <span class='ocr_line' id='line_1_3' title="bbox 264 272 1668 327; baseline 0.001 -12"><span class='ocrx_word' id='word_1_6' title='bbox 264 275 329 325; x_wconf 89' lang='lat'>85.</span> <span class='ocrx_word' id='word_1_7' title='bbox 376 273 461 315; x_wconf 92' lang='lat' dir='ltr'>His</span> <span class='ocrx_word' id='word_1_8' title='bbox 493 273 598 314; x_wconf 90' lang='lat' dir='ltr'>mihi</span> <span class='ocrx_word' id='word_1_9' title='bbox 629 274 774 322; x_wconf 90' lang='lat' dir='ltr'>rebus,</span> <span class='ocrx_word' id='word_1_10' title='bbox 803 273 962 327; x_wconf 90' lang='lat' dir='ltr'>Scipio,</span> <span class='ocrx_word' id='word_1_11' title='bbox 988 272 1053 326; x_wconf 84' lang='lat' dir='ltr'>(id</span> <span class='ocrx_word' id='word_1_12' title='bbox 1075 273 1191 315; x_wconf 90' lang='lat' dir='ltr'>enirn</span> <span class='ocrx_word' id='word_1_13' title='bbox 1216 279 1260 315; x_wconf 91' lang='lat' dir='ltr'>te</span> <span class='ocrx_word' id='word_1_14' title='bbox 1289 287 1389 315; x_wconf 90' lang='lat' dir='ltr'>curn</span> <span class='ocrx_word' id='word_1_15' title='bbox 1420 274 1572 316; x_wconf 90' lang='lat' dir='ltr'>Laelio</span> <span class='ocrx_word' id='word_1_16' title='bbox 1596 274 1668 316; x_wconf 87' lang='lat' dir='ltr'>ad-</span> 
     </span>
     <span class='ocr_line' id='line_1_4' title="bbox 209 342 1667 397; baseline 0.001 -14"><span class='ocrx_word' id='word_1_17' title='bbox 209 342 355 383; x_wconf 89' lang='lat' dir='ltr'>mirari</span> <span class='ocrx_word' id='word_1_18' title='bbox 395 342 535 383; x_wconf 91' lang='lat' dir='ltr'>solere</span> <span class='ocrx_word' id='word_1_19' title='bbox 577 342 743 397; x_wconf 85' lang='lat' dir='ltr'>dixisti)</span> <span class='ocrx_word' id='word_1_20' title='bbox 774 343 881 383; x_wconf 88' lang='lat' dir='ltr'>levis</span> <span class='ocrx_word' id='word_1_21' title='bbox 917 348 984 383; x_wconf 89' lang='lat' dir='ltr'>est</span> <span class='ocrx_word' id='word_1_22' title='bbox 1019 348 1237 391; x_wconf 89' lang='lat' dir='ltr'>senectus,</span> <span class='ocrx_word' id='word_1_23' title='bbox 1279 355 1363 384; x_wconf 91' lang='lat' dir='ltr'>nec</span> <span class='ocrx_word' id='word_1_24' title='bbox 1399 343 1542 384; x_wconf 88' lang='lat' dir='ltr'>solum</span> <span class='ocrx_word' id='word_1_25' title='bbox 1578 356 1667 384; x_wconf 91' lang='lat' dir='ltr'>non</span> 
     </span>
     <span class='ocr_line' id='line_1_5' title="bbox 960 410 1668 465; baseline 0.001 -14"><span class='ocrx_word' id='word_1_26' title='bbox 960 410 1090 463; x_wconf 83' lang='lat' dir='ltr'>Quod</span> <span class='ocrx_word' id='word_1_27' title='bbox 1113 410 1150 451; x_wconf 88' lang='lat' dir='ltr'>si</span> <span class='ocrx_word' id='word_1_28' title='bbox 1170 411 1215 451; x_wconf 89' lang='lat' dir='ltr'>in</span> <span class='ocrx_word' id='word_1_29' title='bbox 1238 410 1321 452; x_wconf 94' lang='lat' dir='ltr'>hoc</span> <span class='ocrx_word' id='word_1_30' title='bbox 1343 423 1452 460; x_wconf 89' lang='lat' dir='ltr'>erro,</span> <span class='ocrx_word' id='word_1_31' title='bbox 1481 410 1556 465; x_wconf 91' lang='lat' dir='ltr'>qui</span> <span class='ocrx_word' id='word_1_32' title='bbox 1579 412 1668 452; x_wconf 89' lang='lat' dir='ltr'>ani-</span> 
     </span>
    </p>

    <p class='ocr_par' dir='ltr' id='par_1_4' title="bbox 176 478 1669 739">
     <span class='ocr_line' id='line_1_6' title="bbox 207 478 1668 529; baseline 0.001 -9"><span class='ocrx_word' id='word_1_33' title='bbox 207 492 302 520; x_wconf 91' lang='lat' dir='ltr'>mos</span> <span class='ocrx_word' id='word_1_34' title='bbox 344 478 570 520; x_wconf 93' lang='lat' dir='ltr'>hominum</span> <span class='ocrx_word' id='word_1_35' title='bbox 606 479 863 520; x_wconf 86' lang='lat' dir='ltr'>inmortales</span> <span class='ocrx_word' id='word_1_36' title='bbox 894 492 991 520; x_wconf 91' lang='lat' dir='ltr'>esse</span> <span class='ocrx_word' id='word_1_37' title='bbox 1022 479 1212 529; x_wconf 88' lang='lat' dir='ltr'>credam,</span> <span class='ocrx_word' id='word_1_38' title='bbox 1235 478 1423 521; x_wconf 88' lang='lat' dir='ltr'>libenter</span> <span class='ocrx_word' id='word_1_39' title='bbox 1452 492 1550 521; x_wconf 89' lang='lat' dir='ltr'>erro</span> <span class='ocrx_word' id='word_1_40' title='bbox 1585 493 1668 521; x_wconf 88' lang='lat' dir='ltr'>nec</span> 
     </span>
     <span class='ocr_line' id='line_1_7' title="bbox 176 547 1668 602; baseline 0.001 -14"><span class='ocrx_word' id='word_1_41' title='bbox 176 548 315 597; x_wconf 87' lang='lat' dir='ltr'>5mihi</span> <span class='ocrx_word' id='word_1_42' title='bbox 355 548 472 588; x_wconf 92' lang='lat' dir='ltr'>hunc</span> <span class='ocrx_word' id='word_1_43' title='bbox 513 561 705 589; x_wconf 91' lang='lat' dir='ltr'>errorem</span> <span class='ocrx_word' id='word_1_44' title='bbox 747 561 833 601; x_wconf 93' lang='lat' dir='ltr'>quo</span> <span class='ocrx_word' id='word_1_45' title='bbox 875 547 1081 597; x_wconf 91' lang='lat' dir='ltr'>delector,</span> <span class='ocrx_word' id='word_1_46' title='bbox 1125 547 1229 588; x_wconf 91' lang='lat' dir='ltr'>dum</span> <span class='ocrx_word' id='word_1_47' title='bbox 1269 548 1382 597; x_wconf 91' lang='lat' dir='ltr'>vivo,</span> <span class='ocrx_word' id='word_1_48' title='bbox 1419 548 1668 602; x_wconf 84' lang='lat' dir='ltr'>extorqueri</span> 
     </span>
     <span class='ocr_line' id='line_1_8' title="bbox 206 616 1666 670; baseline -0.001 -12"><span class='ocrx_word' id='word_1_49' title='bbox 206 617 330 667; x_wconf 88' lang='lat' dir='ltr'>volo;</span> <span class='ocrx_word' id='word_1_50' title='bbox 373 616 440 658; x_wconf 92' lang='lat' dir='ltr'>sin</span> <span class='ocrx_word' id='word_1_51' title='bbox 472 623 683 666; x_wconf 91' lang='lat' dir='ltr'>mortuus,</span> <span class='ocrx_word' id='word_1_52' title='bbox 713 623 760 657; x_wconf 92' lang='lat' dir='ltr'>ut</span> <span class='ocrx_word' id='word_1_53' title='bbox 791 616 971 670; x_wconf 88' lang='lat' dir='ltr'>quidam</span> <span class='ocrx_word' id='word_1_54' title='bbox 1001 616 1157 657; x_wconf 88' lang='lat' dir='ltr'>minuti</span> <span class='ocrx_word' id='word_1_55' title='bbox 1187 616 1440 670; x_wconf 90' lang='lat' dir='ltr'>philosophi</span> <span class='ocrx_word' id='word_1_56' title='bbox 1470 623 1666 666; x_wconf 88' lang='lat' dir='ltr'>censent,</span> 
     </span>
     <span class='ocr_line' id='line_1_9' title="bbox 207 685 1669 739; baseline 0.001 -14"><span class='ocrx_word' id='word_1_57' title='bbox 207 685 314 726; x_wconf 90' lang='lat' dir='ltr'>nihil</span> <span class='ocrx_word' id='word_1_58' title='bbox 352 685 551 735; x_wconf 88' lang='lat' dir='ltr'>sentiam,</span> <span class='ocrx_word' id='word_1_59' title='bbox 579 698 667 726; x_wconf 92' lang='lat' dir='ltr'>non</span> <span class='ocrx_word' id='word_1_60' title='bbox 701 698 855 726; x_wconf 88' lang='lat' dir='ltr'>vereor</span> <span class='ocrx_word' id='word_1_61' title='bbox 886 698 942 725; x_wconf 90' lang='lat' dir='ltr'>ne</span> <span class='ocrx_word' id='word_1_62' title='bbox 975 685 1092 726; x_wconf 93' lang='lat' dir='ltr'>hunc</span> <span class='ocrx_word' id='word_1_63' title='bbox 1129 698 1320 726; x_wconf 90' lang='lat' dir='ltr'>errorem</span> <span class='ocrx_word' id='word_1_64' title='bbox 1354 698 1499 726; x_wconf 91' lang='lat' dir='ltr'>meum</span> <span class='ocrx_word' id='word_1_65' title='bbox 1531 685 1669 739; x_wconf 89' lang='lat' dir='ltr'>philo-</span> 
     </span>
    </p>
   </div>
   <div class='ocr_carea' id='block_1_4' title="bbox 207 410 894 459">
    <p class='ocr_par' dir='ltr' id='par_1_5' title="bbox 207 410 894 459">
     <span class='ocr_line' id='line_1_10' title="bbox 207 410 894 459; baseline 0 -9"><span class='ocrx_word' id='word_1_66' title='bbox 207 411 404 459; x_wconf 89' lang='lat' dir='ltr'>molesta,</span> <span class='ocrx_word' id='word_1_67' title='bbox 432 410 510 450; x_wconf 91' lang='lat' dir='ltr'>sed</span> <span class='ocrx_word' id='word_1_68' title='bbox 535 411 667 451; x_wconf 89' lang='lat' dir='ltr'>etiam</span> <span class='ocrx_word' id='word_1_69' title='bbox 693 410 894 451; x_wconf 89' lang='lat' dir='ltr'>iucunda.</span> 
     </span>
    </p>
   </div>
   <div class='ocr_carea' id='block_1_5' title="bbox 206 753 788 808">
    <p class='ocr_par' dir='ltr' id='par_1_6' title="bbox 206 753 788 808">
     <span class='ocr_line' id='line_1_11' title="bbox 206 753 788 808; baseline -0.002 -13"><span class='ocrx_word' id='word_1_70' title='bbox 206 754 335 808; x_wconf 89' lang='lat' dir='ltr'>sophi</span> <span class='ocrx_word' id='word_1_71' title='bbox 372 754 533 795; x_wconf 90' lang='lat' dir='ltr'>mortui</span> <span class='ocrx_word' id='word_1_72' title='bbox 567 753 788 795; x_wconf 91' lang='lat' dir='ltr'>irrideant.</span> 
     </span>
    </p>
   </div>
   <div class='ocr_carea' id='block_1_6' title="bbox 859 753 1668 807">
    <p class='ocr_par' dir='ltr' id='par_1_7' title="bbox 859 753 1668 807">
     <span class='ocr_line' id='line_1_12' title="bbox 859 753 1668 807; baseline 0.001 -13"><span class='ocrx_word' id='word_1_73' title='bbox 859 753 992 807; x_wconf 83' lang='lat' dir='ltr'>Quod</span> <span class='ocrx_word' id='word_1_74' title='bbox 1028 754 1065 795; x_wconf 91' lang='lat' dir='ltr'>si</span> <span class='ocrx_word' id='word_1_75' title='bbox 1100 767 1190 795; x_wconf 91' lang='lat' dir='ltr'>non</span> <span class='ocrx_word' id='word_1_76' title='bbox 1227 767 1378 795; x_wconf 92' lang='lat' dir='ltr'>sumus</span> <span class='ocrx_word' id='word_1_77' title='bbox 1413 753 1668 795; x_wconf 89' lang='lat' dir='ltr'>inmortales</span> 
     </span>
    </p>
   </div>
   <div class='ocr_carea' id='block_1_7' title="bbox 155 821 1668 1082">
    <p class='ocr_par' dir='ltr' id='par_1_8' title="bbox 155 821 1668 1082">
     <span class='ocr_line' id='line_1_13' title="bbox 206 821 1666 878; baseline 0.001 -15"><span class='ocrx_word' id='word_1_78' title='bbox 206 823 355 873; x_wconf 85' lang='lat' dir='ltr'>futuri,</span> <span class='ocrx_word' id='word_1_79' title='bbox 389 829 539 864; x_wconf 89' lang='lat' dir='ltr'>tamen</span> <span class='ocrx_word' id='word_1_80' title='bbox 569 822 790 875; x_wconf 88' lang='lat' dir='ltr'>exstingui</span> <span class='ocrx_word' id='word_1_81' title='bbox 822 822 990 863; x_wconf 90' lang='lat' dir='ltr'>homini</span> <span class='ocrx_word' id='word_1_82' title='bbox 1021 836 1100 863; x_wconf 91' lang='lat' dir='ltr'>suo</span> <span class='ocrx_word' id='word_1_83' title='bbox 1131 828 1330 878; x_wconf 91' lang='lat' dir='ltr'>tempore</span> <span class='ocrx_word' id='word_1_84' title='bbox 1362 821 1556 876; x_wconf 90' lang='lat' dir='ltr'>optabile</span> <span class='ocrx_word' id='word_1_85' title='bbox 1587 828 1666 865; x_wconf 92' lang='lat' dir='ltr'>est.</span> 
     </span>
     <span class='ocr_line' id='line_1_14' title="bbox 155 890 1668 940; baseline 0.002 -10"><span class='ocrx_word' id='word_1_86' title='bbox 155 907 194 930; x_wconf 93' lang='lat'>10</span> <span class='ocrx_word' id='word_1_87' title='bbox 209 892 323 932; x_wconf 88' lang='lat' dir='ltr'>Nam</span> <span class='ocrx_word' id='word_1_88' title='bbox 357 892 490 933; x_wconf 90' lang='lat' dir='ltr'>habet</span> <span class='ocrx_word' id='word_1_89' title='bbox 520 898 676 932; x_wconf 90' lang='lat' dir='ltr'>natura</span> <span class='ocrx_word' id='word_1_90' title='bbox 701 898 749 932; x_wconf 91' lang='lat' dir='ltr'>ut</span> <span class='ocrx_word' id='word_1_91' title='bbox 780 892 963 932; x_wconf 88' lang='lat' dir='ltr'>aliarum</span> <span class='ocrx_word' id='word_1_92' title='bbox 993 890 1189 932; x_wconf 90' lang='lat' dir='ltr'>omnium</span> <span class='ocrx_word' id='word_1_93' title='bbox 1216 904 1374 940; x_wconf 90' lang='lat' dir='ltr'>rerum,</span> <span class='ocrx_word' id='word_1_94' title='bbox 1405 890 1466 932; x_wconf 93' lang='lat' dir='ltr'>sic</span> <span class='ocrx_word' id='word_1_95' title='bbox 1490 890 1668 933; x_wconf 87' lang='lat' dir='ltr'>vivendi</span> 
     </span>
     <span class='ocr_line' id='line_1_15' title="bbox 206 960 1668 1014; baseline 0 -13"><span class='ocrx_word' id='word_1_96' title='bbox 206 961 397 1001; x_wconf 90' lang='lat' dir='ltr'>modum.</span> <span class='ocrx_word' id='word_1_97' title='bbox 462 960 677 1002; x_wconf 86' lang='lat' dir='ltr'>Senectus</span> <span class='ocrx_word' id='word_1_98' title='bbox 718 965 865 1002; x_wconf 91' lang='lat' dir='ltr'>autem</span> <span class='ocrx_word' id='word_1_99' title='bbox 908 961 1065 1001; x_wconf 90' lang='lat' dir='ltr'>aetatis</span> <span class='ocrx_word' id='word_1_100' title='bbox 1101 966 1168 1001; x_wconf 90' lang='lat' dir='ltr'>est</span> <span class='ocrx_word' id='word_1_101' title='bbox 1209 960 1405 1013; x_wconf 88' lang='lat' dir='ltr'>peractio</span> <span class='ocrx_word' id='word_1_102' title='bbox 1441 966 1668 1014; x_wconf 86' lang='lat' dir='ltr'>tamquam</span> 
     </span>
     <span class='ocr_line' id='line_1_16' title="bbox 205 1028 1667 1082; baseline 0 -12"><span class='ocrx_word' id='word_1_103' title='bbox 205 1029 396 1078; x_wconf 81' lang='lat' dir='ltr'>fabulae,</span> <span class='ocrx_word' id='word_1_104' title='bbox 420 1030 543 1070; x_wconf 90' lang='lat' dir='ltr'>cuius</span> <span class='ocrx_word' id='word_1_105' title='bbox 574 1029 939 1082; x_wconf 81' lang='lat' dir='ltr'>defatigationem</span> <span class='ocrx_word' id='word_1_106' title='bbox 970 1028 1128 1082; x_wconf 84' lang='lat' dir='ltr'>fugere</span> <span class='ocrx_word' id='word_1_107' title='bbox 1159 1028 1384 1079; x_wconf 90' lang='lat' dir='ltr'>debemus,</span> <span class='ocrx_word' id='word_1_108' title='bbox 1411 1029 1667 1082; x_wconf 87' lang='lat' dir='ltr'>praesertim</span> 
     </span>
    </p>
   </div>
   <div class='ocr_carea' id='block_1_8' title="bbox 206 1098 647 1154">
    <p class='ocr_par' dir='ltr' id='par_1_9' title="bbox 206 1098 647 1154">
     <span class='ocr_line' id='line_1_17' title="bbox 206 1098 647 1154; baseline 0 -15"><span class='ocrx_word' id='word_1_109' title='bbox 206 1098 413 1154; x_wconf 88' lang='lat' dir='ltr'>adiuncta</span> <span class='ocrx_word' id='word_1_110' title='bbox 434 1098 647 1140; x_wconf 87' lang='lat' dir='ltr'>satietate.</span> 
     </span>
    </p>
   </div>
   <div class='ocr_carea' id='block_1_9' title="bbox 203 1236 902 2017">
    <p class='ocr_par' dir='ltr' id='par_1_10' title="bbox 203 1236 902 2017">
     <span class='ocr_line' id='line_1_18' title="bbox 251 1236 902 1282; baseline 0.002 -13"><span class='ocrx_word' id='word_1_111' title='bbox 251 1238 313 1270; x_wconf 84' lang='lat'>85.</span> <span class='ocrx_word' id='word_1_112' title='bbox 350 1247 383 1270; x_wconf 90' lang='lat'>2.</span> <span class='ocrx_word' id='word_1_113' title='bbox 418 1237 577 1270; x_wconf 85' lang='lat' dir='ltr'>dixisti:</span> <span class='ocrx_word' id='word_1_114' title='bbox 628 1236 665 1270; x_wconf 91' lang='lat' dir='ltr'>in</span> <span class='ocrx_word' id='word_1_115' title='bbox 697 1246 729 1279; x_wconf 91' lang='lat'>4,</span> <span class='ocrx_word' id='word_1_116' title='bbox 768 1245 902 1282; x_wconf 79' lang='grc'><strong>1-5.-</strong></span> 
     </span>
     <span class='ocr_line' id='line_1_19' title="bbox 205 1289 902 1335; baseline 0 -12"><span class='ocrx_word' id='word_1_117' title='bbox 205 1301 238 1331; x_wconf 86' lang='grc'>3.</span> <span class='ocrx_word' id='word_1_118' title='bbox 258 1291 354 1335; x_wconf 84' lang='lat' dir='ltr'>Quod</span> <span class='ocrx_word' id='word_1_119' title='bbox 373 1290 424 1323; x_wconf 90' lang='lat' dir='ltr'>si:</span> <span class='ocrx_word' id='word_1_120' title='bbox 452 1289 497 1324; x_wconf 90' lang='lat' dir='ltr'>cf.</span> <span class='ocrx_word' id='word_1_121' title='bbox 518 1301 567 1324; x_wconf 93' lang='lat' dir='ltr'>on</span> <span class='ocrx_word' id='word_1_122' title='bbox 587 1289 641 1332; x_wconf 88' lang='lat'>84,</span> <span class='ocrx_word' id='word_1_123' title='bbox 664 1299 716 1332; x_wconf 89' lang='lat'>14.</span> <span class='ocrx_word' id='word_1_124' title='bbox 730 1301 819 1331; x_wconf 89' lang='lat'>—3.</span> <span class='ocrx_word' id='word_1_125' title='bbox 840 1290 902 1332; x_wconf 86' lang='lat' dir='ltr'>qui</span> 
     </span>
     <span class='ocr_line' id='line_1_20' title="bbox 291 1342 898 1389; baseline 0 -13"><span class='ocrx_word' id='word_1_126' title='bbox 291 1368 299 1376; x_wconf 90' lang='lat'><strong>.</strong></span> <span class='ocrx_word' id='word_1_127' title='bbox 332 1345 474 1378; x_wconf 87' lang='lat' dir='ltr'>credam</span> <span class='ocrx_word' id='word_1_128' title='bbox 496 1355 504 1376; x_wconf 74' lang='grc' dir='ltr'>ε</span> <span class='ocrx_word' id='word_1_129' title='bbox 555 1343 620 1376; x_wconf 86' lang='lat' dir='ltr'>‘in</span> <span class='ocrx_word' id='word_1_130' title='bbox 660 1342 842 1389; x_wconf 87' lang='lat' dir='ltr'>believing</span> <span class='ocrx_word' id='word_1_131' title='bbox 859 1344 867 1360; x_wconf 88' lang='lat'>&#39;</span> <span class='ocrx_word' id='word_1_132' title='bbox 890 1355 898 1386; x_wconf 72' lang='grc' dir='ltr'><strong>ς</strong></span> 
     </span>
     <span class='ocr_line' id='line_1_21' title="bbox 205 1396 898 1438; baseline -0.003 -7"><span class='ocrx_word' id='word_1_133' title='bbox 205 1396 437 1438; x_wconf 83' lang='lat' dir='ltr'>causal.-—4.</span> <span class='ocrx_word' id='word_1_134' title='bbox 465 1397 618 1430; x_wconf 84' lang='lat' dir='ltr'>libenter</span> <span class='ocrx_word' id='word_1_135' title='bbox 642 1405 744 1430; x_wconf 87' lang='lat' dir='ltr'>erro:</span> <span class='ocrx_word' id='word_1_136' title='bbox 780 1396 824 1431; x_wconf 92' lang='lat' dir='ltr'>cf.</span> <span class='ocrx_word' id='word_1_137' title='bbox 857 1397 898 1430; x_wconf 87' lang='grc' dir='ltr'>Τ.</span> 
     </span>
     <span class='ocr_line' id='line_1_22' title="bbox 204 1449 901 1495; baseline 0 -12"><span class='ocrx_word' id='word_1_138' title='bbox 204 1450 255 1483; x_wconf 85' lang='lat' dir='ltr'>l).</span> <span class='ocrx_word' id='word_1_139' title='bbox 279 1459 307 1493; x_wconf 90' lang='lat'>1,</span> <span class='ocrx_word' id='word_1_140' title='bbox 326 1460 393 1495; x_wconf 88' lang='lat'>39:</span> <span class='ocrx_word' id='word_1_141' title='bbox 428 1450 576 1484; x_wconf 82' lang='lat' dir='ltr'>Errare</span> <span class='ocrx_word' id='word_1_142' title='bbox 592 1449 788 1484; x_wconf 78' lang='lat' dir='ltr'>mehercule</span> <span class='ocrx_word' id='word_1_143' title='bbox 805 1449 901 1483; x_wconf 87' lang='lat' dir='ltr'>malo</span> 
     </span>
     <span class='ocr_line' id='line_1_23' title="bbox 203 1503 900 1547; baseline 0 -11"><span class='ocrx_word' id='word_1_144' title='bbox 203 1513 284 1536; x_wconf 84' lang='lat' dir='ltr'>cum</span> <span class='ocrx_word' id='word_1_145' title='bbox 300 1503 461 1545; x_wconf 86' lang='lat' dir='ltr'>Platone,</span> <span class='ocrx_word' id='word_1_146' title='bbox 486 1528 494 1536; x_wconf 89' lang='lat'><strong>.</strong></span> <span class='ocrx_word' id='word_1_147' title='bbox 525 1528 533 1536; x_wconf 90' lang='lat'><strong>.</strong></span> <span class='ocrx_word' id='word_1_148' title='bbox 565 1529 572 1536; x_wconf 93' lang='lat'>.</span> <span class='ocrx_word' id='word_1_149' title='bbox 592 1514 705 1547; x_wconf 84' lang='lat' dir='ltr'>quam</span> <span class='ocrx_word' id='word_1_150' title='bbox 722 1513 802 1536; x_wconf 81' lang='lat' dir='ltr'>cum</span> <span class='ocrx_word' id='word_1_151' title='bbox 820 1504 900 1536; x_wconf 81' lang='lat' dir='ltr'>istis</span> 
     </span>
     <span class='ocr_line' id='line_1_24' title="bbox 204 1555 898 1598; baseline 0 -9"><span class='ocrx_word' id='word_1_152' title='bbox 204 1567 294 1590; x_wconf 86' lang='lat' dir='ltr'>vera</span> <span class='ocrx_word' id='word_1_153' title='bbox 325 1557 468 1590; x_wconf 87' lang='lat' dir='ltr'>sentire.</span> <span class='ocrx_word' id='word_1_154' title='bbox 535 1557 704 1590; x_wconf 88' lang='lat' dir='ltr'>Contrast</span> <span class='ocrx_word' id='word_1_155' title='bbox 745 1555 898 1598; x_wconf 86' lang='lat' dir='ltr'>Phaedo,</span> 
     </span>
     <span class='ocr_line' id='line_1_25' title="bbox 203 1609 900 1653; baseline -0.001 -10"><span class='ocrx_word' id='word_1_156' title='bbox 203 1618 244 1653; x_wconf 89' lang='lat'>91</span> <span class='ocrx_word' id='word_1_157' title='bbox 275 1610 325 1652; x_wconf 85' lang='lat' dir='ltr'>C3</span> <span class='ocrx_word' id='word_1_158' title='bbox 376 1609 450 1643; x_wconf 91' lang='lat' dir='ltr'>and</span> <span class='ocrx_word' id='word_1_159' title='bbox 482 1610 710 1643; x_wconf 84' lang='lat' dir='ltr'>Cervantes&#39;s</span> <span class='ocrx_word' id='word_1_160' title='bbox 748 1609 900 1642; x_wconf 83' lang='lat' dir='ltr'>Amicus</span> 
     </span>
     <span class='ocr_line' id='line_1_26' title="bbox 204 1662 900 1710; baseline 0 -14"><span class='ocrx_word' id='word_1_161' title='bbox 204 1662 318 1705; x_wconf 80' lang='lat' dir='ltr'>Plato,</span> <span class='ocrx_word' id='word_1_162' title='bbox 350 1663 416 1696; x_wconf 88' lang='lat' dir='ltr'>sed</span> <span class='ocrx_word' id='word_1_163' title='bbox 448 1664 567 1710; x_wconf 70' lang='lat' dir='ltr'>magis</span> <span class='ocrx_word' id='word_1_164' title='bbox 605 1663 723 1696; x_wconf 89' lang='lat' dir='ltr'>amica</span> <span class='ocrx_word' id='word_1_165' title='bbox 760 1663 900 1696; x_wconf 84' lang='lat' dir='ltr'>veritas</span> 
     </span>
     <span class='ocr_line' id='line_1_27' title="bbox 203 1715 897 1760; baseline 0 -11"><span class='ocrx_word' id='word_1_166' title='bbox 203 1715 308 1760; x_wconf 90' lang='lat' dir='ltr'>(Don</span> <span class='ocrx_word' id='word_1_167' title='bbox 335 1715 443 1759; x_wconf 84' lang='lat' dir='ltr'>Quix.</span> <span class='ocrx_word' id='word_1_168' title='bbox 471 1725 503 1758; x_wconf 86' lang='lat'>2,</span> <span class='ocrx_word' id='word_1_169' title='bbox 530 1715 703 1760; x_wconf 84' lang='lat'><strong>51).—6.</strong></span> <span class='ocrx_word' id='word_1_170' title='bbox 730 1717 897 1758; x_wconf 84' lang='lat' dir='ltr'>quidam:</span> 
     </span>
     <span class='ocr_line' id='line_1_28' title="bbox 204 1768 899 1814; baseline 0 -12"><span class='ocrx_word' id='word_1_171' title='bbox 204 1769 256 1802; x_wconf 60' lang='grc' dir='ltr'>τῖε.</span> <span class='ocrx_word' id='word_1_172' title='bbox 267 1768 458 1814; x_wconf 86' lang='lat' dir='ltr'>especially</span> <span class='ocrx_word' id='word_1_173' title='bbox 467 1768 529 1803; x_wconf 91' lang='lat' dir='ltr'>the</span> <span class='ocrx_word' id='word_1_174' title='bbox 539 1768 771 1814; x_wconf 88' lang='lat' dir='ltr'>Epicureans,</span> <span class='ocrx_word' id='word_1_175' title='bbox 781 1768 899 1804; x_wconf 91' lang='lat' dir='ltr'>whom</span> 
     </span>
     <span class='ocr_line' id='line_1_29' title="bbox 204 1821 896 1866; baseline 0 -11"><span class='ocrx_word' id='word_1_176' title='bbox 204 1821 332 1856; x_wconf 90' lang='lat' dir='ltr'>Cicero</span> <span class='ocrx_word' id='word_1_177' title='bbox 350 1821 449 1856; x_wconf 89' lang='lat' dir='ltr'>often</span> <span class='ocrx_word' id='word_1_178' title='bbox 474 1821 595 1856; x_wconf 89' lang='lat' dir='ltr'>leaves</span> <span class='ocrx_word' id='word_1_179' title='bbox 621 1822 823 1866; x_wconf 79' lang='lat' dir='ltr'>unnamed3</span> <span class='ocrx_word' id='word_1_180' title='bbox 851 1822 896 1857; x_wconf 91' lang='lat' dir='ltr'>cf.</span> 
     </span>
     <span class='ocr_line' id='line_1_30' title="bbox 203 1876 899 1918; baseline 0.004 -11"><span class='ocrx_word' id='word_1_181' title='bbox 203 1884 259 1918; x_wconf 86' lang='lat'>43,</span> <span class='ocrx_word' id='word_1_182' title='bbox 278 1884 312 1916; x_wconf 85' lang='lat'>4.</span> <span class='ocrx_word' id='word_1_183' title='bbox 328 1879 417 1908; x_wconf 84' lang='grc'>-6,</span> <span class='ocrx_word' id='word_1_184' title='bbox 444 1876 596 1909; x_wconf 89' lang='lat' dir='ltr'>minuti:</span> <span class='ocrx_word' id='word_1_185' title='bbox 623 1887 665 1910; x_wconf 91' lang='lat' dir='ltr'>so</span> <span class='ocrx_word' id='word_1_186' title='bbox 690 1876 727 1910; x_wconf 90' lang='lat' dir='ltr'>in</span> <span class='ocrx_word' id='word_1_187' title='bbox 752 1877 843 1910; x_wconf 83' lang='lat' dir='ltr'>Div.</span> <span class='ocrx_word' id='word_1_188' title='bbox 872 1885 899 1918; x_wconf 92' lang='lat'>1,</span> 
     </span>
     <span class='ocr_line' id='line_1_31' title="bbox 204 1927 900 1968; baseline 0.001 -7"><span class='ocrx_word' id='word_1_189' title='bbox 204 1927 258 1968; x_wconf 88' lang='lat'>62,</span> <span class='ocrx_word' id='word_1_190' title='bbox 273 1928 392 1963; x_wconf 89' lang='lat' dir='ltr'>where</span> <span class='ocrx_word' id='word_1_191' title='bbox 409 1928 471 1963; x_wconf 89' lang='lat' dir='ltr'>the</span> <span class='ocrx_word' id='word_1_192' title='bbox 489 1928 623 1963; x_wconf 89' lang='lat' dir='ltr'>silence</span> <span class='ocrx_word' id='word_1_193' title='bbox 642 1929 685 1964; x_wconf 91' lang='lat' dir='ltr'>of</span> <span class='ocrx_word' id='word_1_194' title='bbox 706 1929 809 1964; x_wconf 89' lang='lat' dir='ltr'>Plato</span> <span class='ocrx_word' id='word_1_195' title='bbox 827 1929 900 1963; x_wconf 90' lang='lat' dir='ltr'>and</span> 
     </span>
     <span class='ocr_line' id='line_1_32' title="bbox 205 1981 900 2017; baseline 0.001 -2"><span class='ocrx_word' id='word_1_196' title='bbox 205 1981 373 2016; x_wconf 86' lang='lat' dir='ltr'>Socrates</span> <span class='ocrx_word' id='word_1_197' title='bbox 392 1981 420 2016; x_wconf 92' lang='lat' dir='ltr'>is</span> <span class='ocrx_word' id='word_1_198' title='bbox 439 1982 596 2016; x_wconf 89' lang='lat' dir='ltr'>counted</span> <span class='ocrx_word' id='word_1_199' title='bbox 610 1981 652 2016; x_wconf 86' lang='lat' dir='ltr'>of</span> <span class='ocrx_word' id='word_1_200' title='bbox 666 1993 765 2017; x_wconf 91' lang='lat' dir='ltr'>more</span> <span class='ocrx_word' id='word_1_201' title='bbox 783 1982 900 2017; x_wconf 86' lang='lat' dir='ltr'>worth</span> 
     </span>
    </p>
   </div>
   <div class='ocr_carea' id='block_1_10' title="bbox 203 2033 904 2081">
    <p class='ocr_par' dir='ltr' id='par_1_11' title="bbox 203 2033 904 2081">
     <span class='ocr_line' id='line_1_33' title="bbox 203 2033 904 2081; baseline 0.003 -14"><span class='ocrx_word' id='word_1_202' title='bbox 203 2033 292 2067; x_wconf 88' lang='lat' dir='ltr'>than</span> <span class='ocrx_word' id='word_1_203' title='bbox 310 2034 371 2068; x_wconf 90' lang='lat' dir='ltr'>the</span> <span class='ocrx_word' id='word_1_204' title='bbox 388 2041 597 2081; x_wconf 85' lang='lat' dir='ltr'>arguments</span> <span class='ocrx_word' id='word_1_205' title='bbox 623 2035 663 2071; x_wconf 91' lang='lat' dir='ltr'>of</span> <span class='ocrx_word' id='word_1_206' title='bbox 682 2035 744 2070; x_wconf 89' lang='lat' dir='ltr'>the</span> <span class='ocrx_word' id='word_1_207' title='bbox 765 2037 904 2070; x_wconf 88' lang='lat' dir='ltr'>minuti</span> 
     </span>
    </p>
   </div>
   <div class='ocr_carea' id='block_1_11' title="bbox 202 2087 900 2398">
    <p class='ocr_par' dir='ltr' id='par_1_12' title="bbox 202 2087 900 2398">
     <span class='ocr_line' id='line_1_34' title="bbox 206 2087 900 2134; baseline 0.004 -14"><span class='ocrx_word' id='word_1_208' title='bbox 206 2087 424 2132; x_wconf 76' lang='lat' dir='ltr'>philosophi.</span> <span class='ocrx_word' id='word_1_209' title='bbox 489 2089 532 2123; x_wconf 93' lang='lat' dir='ltr'>In</span> <span class='ocrx_word' id='word_1_210' title='bbox 562 2090 602 2123; x_wconf 88' lang='lat' dir='ltr'>T.</span> <span class='ocrx_word' id='word_1_211' title='bbox 623 2090 674 2123; x_wconf 88' lang='lat' dir='ltr'>D.</span> <span class='ocrx_word' id='word_1_212' title='bbox 702 2098 731 2131; x_wconf 93' lang='lat'>1,</span> <span class='ocrx_word' id='word_1_213' title='bbox 758 2098 812 2134; x_wconf 83' lang='lat'>55,</span> <span class='ocrx_word' id='word_1_214' title='bbox 838 2089 900 2123; x_wconf 91' lang='lat' dir='ltr'>the</span> 
     </span>
     <span class='ocr_line' id='line_1_35' title="bbox 203 2140 899 2185; baseline 0.004 -11"><span class='ocrx_word' id='word_1_215' title='bbox 203 2146 408 2185; x_wconf 89' lang='lat' dir='ltr'>opponents</span> <span class='ocrx_word' id='word_1_216' title='bbox 433 2140 475 2176; x_wconf 91' lang='lat' dir='ltr'>of</span> <span class='ocrx_word' id='word_1_217' title='bbox 497 2142 601 2177; x_wconf 85' lang='lat' dir='ltr'>Plato</span> <span class='ocrx_word' id='word_1_218' title='bbox 627 2142 701 2176; x_wconf 90' lang='lat' dir='ltr'>and</span> <span class='ocrx_word' id='word_1_219' title='bbox 731 2142 899 2177; x_wconf 88' lang='lat' dir='ltr'>Socrates</span> 
     </span>
     <span class='ocr_line' id='line_1_36' title="bbox 202 2194 900 2240; baseline 0.003 -13"><span class='ocrx_word' id='word_1_220' title='bbox 202 2204 262 2228; x_wconf 89' lang='lat' dir='ltr'>are</span> <span class='ocrx_word' id='word_1_221' title='bbox 296 2194 416 2238; x_wconf 86' lang='lat' dir='ltr'>plebei</span> <span class='ocrx_word' id='word_1_222' title='bbox 446 2195 666 2240; x_wconf 77' lang='lat' dir='ltr'>philosophi.</span> <span class='ocrx_word' id='word_1_223' title='bbox 680 2206 769 2237; x_wconf 91' lang='lat'>—7.</span> <span class='ocrx_word' id='word_1_224' title='bbox 806 2196 900 2229; x_wconf 87' lang='lat' dir='ltr'>nihil</span> 
     </span>
     <span class='ocr_line' id='line_1_37' title="bbox 203 2247 899 2283; baseline 0.006 -4"><span class='ocrx_word' id='word_1_225' title='bbox 203 2247 379 2281; x_wconf 86' lang='lat' dir='ltr'>sentiam:</span> <span class='ocrx_word' id='word_1_226' title='bbox 414 2249 451 2282; x_wconf 88' lang='lat' dir='ltr'>in</span> <span class='ocrx_word' id='word_1_227' title='bbox 476 2249 699 2283; x_wconf 89' lang='lat' dir='ltr'>accordance</span> <span class='ocrx_word' id='word_1_228' title='bbox 724 2248 811 2283; x_wconf 89' lang='lat' dir='ltr'>with</span> <span class='ocrx_word' id='word_1_229' title='bbox 837 2249 899 2283; x_wconf 91' lang='lat' dir='ltr'>the</span> 
     </span>
     <span class='ocr_line' id='line_1_38' title="bbox 202 2300 899 2345; baseline 0.003 -12"><span class='ocrx_word' id='word_1_230' title='bbox 202 2305 409 2345; x_wconf 84' lang='lat' dir='ltr'>arguments</span> <span class='ocrx_word' id='word_1_231' title='bbox 435 2300 475 2336; x_wconf 88' lang='lat' dir='ltr'>of</span> <span class='ocrx_word' id='word_1_232' title='bbox 500 2301 628 2345; x_wconf 89' lang='lat'><em>67-76.</em></span> <span class='ocrx_word' id='word_1_233' title='bbox 647 2313 735 2342; x_wconf 91' lang='lat'>—9.</span> <span class='ocrx_word' id='word_1_234' title='bbox 764 2303 899 2336; x_wconf 87' lang='lat' dir='ltr'>exstin-</span> 
     </span>
     <span class='ocr_line' id='line_1_39' title="bbox 202 2353 898 2398; baseline 0.004 -11"><span class='ocrx_word' id='word_1_235' title='bbox 202 2355 283 2395; x_wconf 86' lang='lat' dir='ltr'>gui:</span> <span class='ocrx_word' id='word_1_236' title='bbox 312 2353 357 2388; x_wconf 93' lang='lat' dir='ltr'>ef.</span> <span class='ocrx_word' id='word_1_237' title='bbox 378 2363 434 2398; x_wconf 91' lang='lat'>71,</span> <span class='ocrx_word' id='word_1_238' title='bbox 448 2354 490 2396; x_wconf 80' lang='lat'>83</span> <span class='ocrx_word' id='word_1_239' title='bbox 517 2355 573 2398; x_wconf 89' lang='lat'>38,</span> <span class='ocrx_word' id='word_1_240' title='bbox 593 2364 656 2396; x_wconf 76' lang='lat'>223</span> <span class='ocrx_word' id='word_1_241' title='bbox 686 2355 730 2390; x_wconf 82' lang='lat' dir='ltr'>cf.</span> <span class='ocrx_word' id='word_1_242' title='bbox 749 2356 898 2397; x_wconf 87' lang='lat' dir='ltr'>Seneca,</span> 
     </span>
    </p>
   </div>
   <div class='ocr_carea' id='block_1_12' title="bbox 968 1237 1669 2129">
    <p class='ocr_par' dir='ltr' id='par_1_13' title="bbox 968 1237 1669 2129">
     <span class='ocr_line' id='line_1_40' title="bbox 969 1237 1669 1282; baseline 0.001 -12"><span class='ocrx_word' id='word_1_243' title='bbox 969 1248 1082 1282; x_wconf 86' lang='lat' dir='ltr'>quam</span> <span class='ocrx_word' id='word_1_244' title='bbox 1106 1237 1146 1271; x_wconf 90' lang='lat' dir='ltr'>in</span> <span class='ocrx_word' id='word_1_245' title='bbox 1161 1237 1281 1281; x_wconf 87' lang='lat' dir='ltr'>finem</span> <span class='ocrx_word' id='word_1_246' title='bbox 1304 1248 1414 1271; x_wconf 87' lang='lat' dir='ltr'>suum</span> <span class='ocrx_word' id='word_1_247' title='bbox 1437 1240 1578 1272; x_wconf 87' lang='lat' dir='ltr'>natura</span> <span class='ocrx_word' id='word_1_248' title='bbox 1596 1237 1669 1271; x_wconf 69' lang='lat' dir='ltr'>⁴sol-</span> 
     </span>
     <span class='ocr_line' id='line_1_41' title="bbox 970 1289 1665 1333; baseline 0.001 -10"><span class='ocrx_word' id='word_1_249' title='bbox 970 1293 1075 1323; x_wconf 82' lang='lat' dir='ltr'>vente</span> <span class='ocrx_word' id='word_1_250' title='bbox 1106 1289 1350 1331; x_wconf 77' lang='lat' dir='ltr'>dilabi?—9.</span> <span class='ocrx_word' id='word_1_251' title='bbox 1382 1299 1445 1324; x_wconf 82' lang='lat' dir='ltr'>suo</span> <span class='ocrx_word' id='word_1_252' title='bbox 1476 1292 1665 1333; x_wconf 83' lang='lat' dir='ltr'>tempore:</span> 
     </span>
     <span class='ocr_line' id='line_1_42' title="bbox 971 1342 1669 1389; baseline 0 -12"><span class='ocrx_word' id='word_1_253' title='bbox 971 1342 1237 1388; x_wconf 79' lang='lat' dir='ltr'>cf.33,11-15;</span> <span class='ocrx_word' id='word_1_254' title='bbox 1261 1352 1316 1387; x_wconf 92' lang='lat'>71,</span> <span class='ocrx_word' id='word_1_255' title='bbox 1333 1353 1564 1389; x_wconf 87' lang='lat'>9-11.-—11.</span> <span class='ocrx_word' id='word_1_256' title='bbox 1590 1353 1669 1386; x_wconf 84' lang='lat' dir='ltr'>per-</span> 
     </span>
     <span class='ocr_line' id='line_1_43' title="bbox 969 1395 1663 1432; baseline 0.004 -3"><span class='ocrx_word' id='word_1_257' title='bbox 969 1397 1064 1430; x_wconf 89' lang='lat' dir='ltr'>actio</span> <span class='ocrx_word' id='word_1_258' title='bbox 1083 1422 1091 1429; x_wconf 94' lang='lat'><strong>.</strong></span> <span class='ocrx_word' id='word_1_259' title='bbox 1115 1421 1123 1429; x_wconf 90' lang='lat'><strong>.</strong></span> <span class='ocrx_word' id='word_1_260' title='bbox 1146 1421 1153 1429; x_wconf 94' lang='lat'><strong>.</strong></span> <span class='ocrx_word' id='word_1_261' title='bbox 1173 1395 1339 1430; x_wconf 76' lang='lat' dir='ltr'>fabulae:</span> <span class='ocrx_word' id='word_1_262' title='bbox 1367 1398 1377 1417; x_wconf 76' lang='lat'><strong><em>⁶</em></strong></span> <span class='ocrx_word' id='word_1_263' title='bbox 1390 1396 1452 1431; x_wconf 90' lang='lat' dir='ltr'>the</span> <span class='ocrx_word' id='word_1_264' title='bbox 1468 1396 1538 1431; x_wconf 91' lang='lat' dir='ltr'>last</span> <span class='ocrx_word' id='word_1_265' title='bbox 1551 1402 1609 1432; x_wconf 83' lang='lat' dir='ltr'>act</span> <span class='ocrx_word' id='word_1_266' title='bbox 1621 1396 1663 1432; x_wconf 88' lang='lat' dir='ltr'>of</span> 
     </span>
     <span class='ocr_line' id='line_1_44' title="bbox 969 1449 1665 1495; baseline 0.001 -12"><span class='ocrx_word' id='word_1_267' title='bbox 969 1449 1031 1484; x_wconf 86' lang='lat' dir='ltr'>the</span> <span class='ocrx_word' id='word_1_268' title='bbox 1052 1449 1174 1495; x_wconf 79' lang='lat' dir='ltr'>play&#39;3</span> <span class='ocrx_word' id='word_1_269' title='bbox 1210 1449 1256 1484; x_wconf 89' lang='lat' dir='ltr'>cf.</span> <span class='ocrx_word' id='word_1_270' title='bbox 1276 1449 1332 1493; x_wconf 90' lang='lat'>64,</span> <span class='ocrx_word' id='word_1_271' title='bbox 1350 1458 1392 1493; x_wconf 77' lang='lat'>73</span> <span class='ocrx_word' id='word_1_272' title='bbox 1428 1460 1478 1484; x_wconf 89' lang='lat' dir='ltr'>on</span> <span class='ocrx_word' id='word_1_273' title='bbox 1499 1458 1556 1493; x_wconf 92' lang='lat'>70.</span> <span class='ocrx_word' id='word_1_274' title='bbox 1581 1459 1665 1484; x_wconf 88' lang='lat'>1-2:</span> 
     </span>
     <span class='ocr_line' id='line_1_45' title="bbox 968 1503 1666 1548; baseline 0 -12"><span class='ocrx_word' id='word_1_275' title='bbox 968 1503 1096 1548; x_wconf 79' lang='lat' dir='ltr'>Neque</span> <span class='ocrx_word' id='word_1_276' title='bbox 1116 1528 1124 1536; x_wconf 91' lang='lat'>.</span> <span class='ocrx_word' id='word_1_277' title='bbox 1146 1528 1154 1536; x_wconf 91' lang='lat'><strong><em>.</em></strong></span> <span class='ocrx_word' id='word_1_278' title='bbox 1182 1529 1190 1536; x_wconf 90' lang='lat'>.</span> <span class='ocrx_word' id='word_1_279' title='bbox 1212 1503 1426 1548; x_wconf 84' lang='lat' dir='ltr'>peragenda</span> <span class='ocrx_word' id='word_1_280' title='bbox 1445 1503 1582 1548; x_wconf 86' lang='lat' dir='ltr'>fabula</span> <span class='ocrx_word' id='word_1_281' title='bbox 1604 1506 1666 1538; x_wconf 84' lang='lat' dir='ltr'>est.</span> 
     </span>
     <span class='ocr_line' id='line_1_46' title="bbox 970 1555 1669 1601; baseline 0.003 -12"><span class='ocrx_word' id='word_1_282' title='bbox 970 1555 1027 1590; x_wconf 87' lang='lat' dir='ltr'>Cf.</span> <span class='ocrx_word' id='word_1_283' title='bbox 1056 1557 1247 1601; x_wconf 81' lang='lat' dir='ltr'>peroratio</span> <span class='ocrx_word' id='word_1_284' title='bbox 1258 1567 1271 1598; x_wconf 80' lang='lat'>,-</span> <span class='ocrx_word' id='word_1_285' title='bbox 1304 1555 1369 1590; x_wconf 92' lang='lat' dir='ltr'>but</span> <span class='ocrx_word' id='word_1_286' title='bbox 1393 1557 1559 1601; x_wconf 81' lang='lat' dir='ltr'>peractio</span> <span class='ocrx_word' id='word_1_287' title='bbox 1587 1556 1618 1591; x_wconf 89' lang='lat' dir='ltr'>is</span> <span class='ocrx_word' id='word_1_288' title='bbox 1646 1567 1669 1591; x_wconf 89' lang='lat' dir='ltr'>a</span> 
     </span>
     <span class='ocr_line' id='line_1_47' title="bbox 969 1609 1667 1655; baseline 0.001 -12"><span class='ocrx_word' id='word_1_289' title='bbox 969 1620 1055 1654; x_wconf 89' lang='lat' dir='ltr'>very</span> <span class='ocrx_word' id='word_1_290' title='bbox 1088 1620 1166 1643; x_wconf 83' lang='lat' dir='ltr'>rare</span> <span class='ocrx_word' id='word_1_291' title='bbox 1199 1609 1466 1651; x_wconf 88' lang='lat' dir='ltr'>word‚—here</span> <span class='ocrx_word' id='word_1_292' title='bbox 1499 1609 1596 1655; x_wconf 91' lang='lat' dir='ltr'>only,</span> <span class='ocrx_word' id='word_1_293' title='bbox 1629 1610 1667 1644; x_wconf 87' lang='lat' dir='ltr'>in</span> 
     </span>
     <span class='ocr_line' id='line_1_48' title="bbox 970 1662 1666 1709; baseline 0.001 -12"><span class='ocrx_word' id='word_1_294' title='bbox 970 1662 1074 1697; x_wconf 82' lang='lat' dir='ltr'>class.</span> <span class='ocrx_word' id='word_1_295' title='bbox 1094 1662 1210 1697; x_wconf 84' lang='lat' dir='ltr'>Latin.</span> <span class='ocrx_word' id='word_1_296' title='bbox 1252 1662 1333 1697; x_wconf 91' lang='lat' dir='ltr'>The</span> <span class='ocrx_word' id='word_1_297' title='bbox 1351 1662 1464 1708; x_wconf 89' lang='lat' dir='ltr'>dying</span> <span class='ocrx_word' id='word_1_298' title='bbox 1480 1663 1666 1709; x_wconf 87' lang='lat' dir='ltr'>Augustus</span> 
     </span>
     <span class='ocr_line' id='line_1_49' title="bbox 969 1715 1664 1762; baseline -0.001 -11"><span class='ocrx_word' id='word_1_299' title='bbox 969 1716 1081 1751; x_wconf 86' lang='lat' dir='ltr'>asked</span> <span class='ocrx_word' id='word_1_300' title='bbox 1123 1716 1181 1751; x_wconf 91' lang='lat' dir='ltr'>his</span> <span class='ocrx_word' id='word_1_301' title='bbox 1223 1716 1359 1750; x_wconf 89' lang='lat' dir='ltr'>friends</span> <span class='ocrx_word' id='word_1_302' title='bbox 1403 1715 1525 1760; x_wconf 89' lang='lat' dir='ltr'>(Suet.</span> <span class='ocrx_word' id='word_1_303' title='bbox 1567 1718 1632 1762; x_wconf 89' lang='lat'>99)</span> <span class='ocrx_word' id='word_1_304' title='bbox 1656 1728 1664 1750; x_wconf 70' lang='grc' dir='ltr'>ε</span> 
     </span>
     <span class='ocr_line' id='line_1_50' title="bbox 969 1770 1667 1815; baseline 0 -11"><span class='ocrx_word' id='word_1_305' title='bbox 969 1770 1098 1815; x_wconf 85' lang='lat' dir='ltr'>ecquid</span> <span class='ocrx_word' id='word_1_306' title='bbox 1113 1771 1164 1804; x_wconf 82' lang='lat' dir='ltr'>eis</span> <span class='ocrx_word' id='word_1_307' title='bbox 1180 1770 1371 1804; x_wconf 81' lang='lat' dir='ltr'>videretur</span> <span class='ocrx_word' id='word_1_308' title='bbox 1395 1770 1547 1804; x_wconf 85' lang='lat' dir='ltr'>mimum</span> <span class='ocrx_word' id='word_1_309' title='bbox 1569 1771 1667 1804; x_wconf 73' lang='lat' dir='ltr'>‘cn&#39;tae</span> 
     </span>
     <span class='ocr_line' id='line_1_51' title="bbox 969 1822 1668 1868; baseline 0.001 -11"><span class='ocrx_word' id='word_1_310' title='bbox 969 1823 1146 1857; x_wconf 87' lang='lat' dir='ltr'>commode</span> <span class='ocrx_word' id='word_1_311' title='bbox 1185 1823 1413 1868; x_wconf 79' lang='lat' dir='ltr'>transegisse,</span> <span class='ocrx_word' id='word_1_312' title='bbox 1456 1822 1588 1858; x_wconf 86' lang='lat' dir='ltr'>adiecit</span> <span class='ocrx_word' id='word_1_313' title='bbox 1633 1826 1668 1861; x_wconf 83' lang='lat' dir='ltr'>et</span> 
     </span>
     <span class='ocr_line' id='line_1_52' title="bbox 968 1876 1196 1910; baseline 0 0"><span class='ocrx_word' id='word_1_314' title='bbox 968 1876 1172 1910; x_wconf 82' lang='lat' dir='ltr'>clausulam</span> <span class='ocrx_word' id='word_1_315' title='bbox 1184 1889 1196 1910; x_wconf 91' lang='grc'>.-</span> 
     </span>
     <span class='ocr_line' id='line_1_53' title="bbox 1529 1919 1667 1959; baseline 0.007 -1"><span class='ocrx_word' id='word_1_316' title='bbox 1529 1922 1559 1959; x_wconf 81' lang='grc' dir='ltr'>εἲ</span> <span class='ocrx_word' id='word_1_317' title='bbox 1575 1919 1615 1959; x_wconf 80' lang='grc' dir='ltr'>δέ</span> <span class='ocrx_word' id='word_1_318' title='bbox 1631 1936 1667 1959; x_wconf 84' lang='grc' dir='ltr'>τι</span> 
     </span>
     <span class='ocr_line' id='line_1_54' title="bbox 969 1972 1666 2024; baseline 0.001 -13"><span class='ocrx_word' id='word_1_319' title='bbox 969 1974 1046 2023; x_wconf 84' lang='grc' dir='ltr'>ἔχοι</span> <span class='ocrx_word' id='word_1_320' title='bbox 1057 1975 1174 2014; x_wconf 80' lang='grc' dir='ltr'>καλῶς</span> <span class='ocrx_word' id='word_1_321' title='bbox 1188 1976 1230 2012; x_wconf 88' lang='grc' dir='ltr'>τὸ</span> <span class='ocrx_word' id='word_1_322' title='bbox 1242 1973 1416 2024; x_wconf 87' lang='grc' dir='ltr'>παίγνιον,</span> <span class='ocrx_word' id='word_1_323' title='bbox 1429 1972 1562 2024; x_wconf 85' lang='grc' dir='ltr'>κρότον</span> <span class='ocrx_word' id='word_1_324' title='bbox 1573 1972 1666 2019; x_wconf 83' lang='grc' dir='ltr'>δότε,</span> 
     </span>
     <span class='ocr_line' id='line_1_55' title="bbox 969 2027 1667 2077; baseline 0.001 -13"><span class='ocrx_word' id='word_1_325' title='bbox 969 2027 1026 2065; x_wconf 88' lang='grc' dir='ltr'>καὶ</span> <span class='ocrx_word' id='word_1_326' title='bbox 1048 2028 1180 2067; x_wconf 84' lang='grc' dir='ltr'>πάντες</span> <span class='ocrx_word' id='word_1_327' title='bbox 1203 2027 1300 2076; x_wconf 81' lang='grc' dir='ltr'>ἡμᾶς</span> <span class='ocrx_word' id='word_1_328' title='bbox 1321 2028 1414 2076; x_wconf 73' lang='grc' dir='ltr'>μετὰ</span> <span class='ocrx_word' id='word_1_329' title='bbox 1437 2029 1554 2077; x_wconf 78' lang='grc' dir='ltr'>χαρᾶς</span> <span class='ocrx_word' id='word_1_330' title='bbox 1578 2042 1667 2077; x_wconf 86' lang='grc' dir='ltr'>προ-</span> 
     </span>
     <span class='ocr_line' id='line_1_56' title="bbox 1014 2079 1189 2129; baseline -0.011 -11"><span class='ocrx_word' id='word_1_331' title='bbox 1014 2079 1189 2129; x_wconf 83' lang='grc' dir='ltr'>πέμψατε.</span> 
     </span>
    </p>
   </div>
   <div class='ocr_carea' id='block_1_13' title="bbox 967 2196 1663 2402">
    <p class='ocr_par' dir='ltr' id='par_1_14' title="bbox 967 2196 1663 2402">
     <span class='ocr_line' id='line_1_57' title="bbox 967 2196 1663 2238; baseline 0 -8"><span class='ocrx_word' id='word_1_332' title='bbox 967 2208 1076 2238; x_wconf 86' lang='lat'><strong>—13·</strong></span> <span class='ocrx_word' id='word_1_333' title='bbox 1094 2197 1263 2231; x_wconf 80' lang='lat' dir='ltr'>adiuncta</span> <span class='ocrx_word' id='word_1_334' title='bbox 1279 2197 1472 2232; x_wconf 77' lang='lat' dir='ltr'>satietate:</span> <span class='ocrx_word' id='word_1_335' title='bbox 1498 2196 1571 2232; x_wconf 90' lang='lat' dir='ltr'>abl.</span> <span class='ocrx_word' id='word_1_336' title='bbox 1586 2196 1663 2232; x_wconf 89' lang='lat' dir='ltr'>abs.</span> 
     </span>
     <span class='ocr_line' id='line_1_58' title="bbox 967 2249 1663 2294; baseline 0.001 -11"><span class='ocrx_word' id='word_1_337' title='bbox 967 2250 1053 2284; x_wconf 90' lang='lat' dir='ltr'>with</span> <span class='ocrx_word' id='word_1_338' title='bbox 1068 2250 1291 2285; x_wconf 86' lang='lat' dir='ltr'>conditional</span> <span class='ocrx_word' id='word_1_339' title='bbox 1305 2249 1422 2294; x_wconf 89' lang='lat' dir='ltr'>force;</span> <span class='ocrx_word' id='word_1_340' title='bbox 1442 2261 1492 2286; x_wconf 93' lang='lat' dir='ltr'>on</span> <span class='ocrx_word' id='word_1_341' title='bbox 1503 2251 1663 2292; x_wconf 84' lang='lat' dir='ltr'>satietas,</span> 
     </span>
     <span class='ocr_line' id='line_1_59' title="bbox 967 2302 1660 2349; baseline 0.001 -13"><span class='ocrx_word' id='word_1_342' title='bbox 967 2303 1013 2337; x_wconf 84' lang='lat' dir='ltr'>ef.</span> <span class='ocrx_word' id='word_1_343' title='bbox 1043 2303 1098 2346; x_wconf 92' lang='lat'>76,</span> <span class='ocrx_word' id='word_1_344' title='bbox 1131 2314 1165 2337; x_wconf 88' lang='lat'>2.</span> <span class='ocrx_word' id='word_1_345' title='bbox 1226 2304 1299 2338; x_wconf 89' lang='lat' dir='ltr'>For</span> <span class='ocrx_word' id='word_1_346' title='bbox 1326 2303 1388 2338; x_wconf 88' lang='lat' dir='ltr'>the</span> <span class='ocrx_word' id='word_1_347' title='bbox 1418 2303 1586 2349; x_wconf 89' lang='lat' dir='ltr'>thought,</span> <span class='ocrx_word' id='word_1_348' title='bbox 1614 2302 1660 2338; x_wconf 85' lang='lat' dir='ltr'>ef.</span> 
     </span>
     <span class='ocr_line' id='line_1_60' title="bbox 967 2356 1662 2402; baseline 0.003 -13"><span class='ocrx_word' id='word_1_349' title='bbox 967 2357 1093 2399; x_wconf 85' lang='lat' dir='ltr'>Varro,</span> <span class='ocrx_word' id='word_1_350' title='bbox 1127 2356 1302 2390; x_wconf 85' lang='lat' dir='ltr'>Tithonus</span> <span class='ocrx_word' id='word_1_351' title='bbox 1324 2357 1425 2402; x_wconf 86' lang='lat' dir='ltr'>(Sat.</span> <span class='ocrx_word' id='word_1_352' title='bbox 1452 2357 1554 2391; x_wconf 86' lang='lat' dir='ltr'>Men.</span> <span class='ocrx_word' id='word_1_353' title='bbox 1583 2356 1662 2402; x_wconf 80' lang='lat'>548,</span> 
     </span>
    </p>
   </div>
   <div class='ocr_carea' id='block_1_14' title="bbox 202 2406 1661 2453">
    <p class='ocr_par' dir='ltr' id='par_1_15' title="bbox 202 2406 1661 2453">
     <span class='ocr_line' id='line_1_61' title="bbox 202 2406 1661 2453; baseline 0.001 -13"><span class='ocrx_word' id='word_1_354' title='bbox 202 2407 272 2451; x_wconf 83' lang='lat' dir='ltr'>Ep.</span> <span class='ocrx_word' id='word_1_355' title='bbox 285 2406 341 2450; x_wconf 89' lang='lat'>26,</span> <span class='ocrx_word' id='word_1_356' title='bbox 353 2415 396 2449; x_wconf 87' lang='lat'>4:</span> <span class='ocrx_word' id='word_1_357' title='bbox 420 2408 470 2440; x_wconf 90' lang='lat' dir='ltr'>Et</span> <span class='ocrx_word' id='word_1_358' title='bbox 479 2410 562 2452; x_wconf 84' lang='lat' dir='ltr'>quis</span> <span class='ocrx_word' id='word_1_359' title='bbox 573 2409 689 2441; x_wconf 70' lang='lat' dir='ltr'>emus</span> <span class='ocrx_word' id='word_1_360' title='bbox 705 2412 757 2441; x_wconf 85' lang='lat' dir='ltr'>est</span> <span class='ocrx_word' id='word_1_361' title='bbox 772 2409 899 2442; x_wconf 86' lang='lat' dir='ltr'>melior</span> <span class='ocrx_word' id='word_1_362' title='bbox 970 2409 1100 2453; x_wconf 81' lang='lat' dir='ltr'>Biich.)</span> <span class='ocrx_word' id='word_1_363' title='bbox 1118 2421 1125 2442; x_wconf 74' lang='grc' dir='ltr'><em>τ</em></span> <span class='ocrx_word' id='word_1_364' title='bbox 1150 2410 1236 2443; x_wconf 85' lang='lat' dir='ltr'>Risi</span> <span class='ocrx_word' id='word_1_365' title='bbox 1250 2410 1417 2453; x_wconf 88' lang='lat' dir='ltr'>multum,</span> <span class='ocrx_word' id='word_1_366' title='bbox 1431 2409 1506 2444; x_wconf 88' lang='lat' dir='ltr'>lusi</span> <span class='ocrx_word' id='word_1_367' title='bbox 1519 2409 1661 2444; x_wconf 77' lang='lat' dir='ltr'>modice.</span> 
     </span>
    </p>
   </div>
   <div class='ocr_carea' id='block_1_15' title="bbox 903 2466 964 2510">
    <p class='ocr_par' dir='ltr' id='par_1_16' title="bbox 903 2466 964 2510">
     <span class='ocr_line' id='line_1_62' title="bbox 903 2466 964 2510; baseline 0 -11"><span class='ocrx_word' id='word_1_368' title='bbox 903 2466 964 2510; x_wconf 81' lang='lat'>158</span> 
     </span>
    </p>
   </div>
   <div class='ocr_carea' id='block_1_16' title="bbox 1779 1924 1786 1977">
    <p class='ocr_par' dir='ltr' id='par_1_17' title="bbox 1779 1924 1786 1977">
     <span class='ocr_line' id='line_1_63' title="bbox 1782 1924 1786 1946; baseline 0 0"><span class='ocrx_word' id='word_1_369' title='bbox 1782 1924 1786 1946; x_wconf 80' lang='grc' dir='ltr'>Ι</span> 
     </span>
     <span class='ocr_line' id='line_1_64' title="bbox 1779 1956 1786 1977; baseline 0 0"><span class='ocrx_word' id='word_1_370' title='bbox 1779 1956 1786 1977; x_wconf 77' lang='lat' dir='ltr'>i</span> 
     </span>
    </p>
   </div>
  </div>
 </body>
</html>
