1786 2780
517 147 692 180 VERSES
722 148 780 180 ΒΥ
813 148 928 181 ΡΟΡΕ
960 149 1050 181 LEO
1081 150 1170 181 XIII

235 259 307 300 Ne
327 258 438 300 siser
457 258 636 308 inficiat,
659 271 716 299 ne
739 258 915 299 saecula
937 259 1030 301 Coa
1052 260 1122 300 vel
1143 260 1266 302 allec.

235 324 369 365 Nunc
391 336 499 376 age3
534 323 766 376 provideas
788 323 917 364 tereti
938 324 1098 365 defusa
1120 326 1266 367 catino

235 389 307 430 Ne
328 388 443 429 desit
465 400 646 428 mensae
668 388 917 440 spumantis
942 388 1070 442 copia
1097 389 1234 431 lactis.

235 453 311 494 Nil
331 452 464 494 vitale
486 452 641 504 magis,
666 452 728 491 nil
751 452 864 493 lacte
888 453 1132 502 salubrius;
1165 455 1314 496 infans

235 517 324 572 Qui
346 517 413 558 lac
436 517 602 566 suxisti,
627 517 774 557 senior
796 517 909 558 bene
935 517 1050 559 lacte
1070 519 1249 560 valebis.

236 582 531 637 Degustanda
553 581 683 622 simul
706 582 858 634 profer
881 582 1134 624 dulcissima
1155 584 1309 634 mel]a;

234 647 450 689 Attamen
475 646 682 702 Hyblaeo
705 659 866 699 parcus
888 647 944 688 de
965 654 1144 689 nectare
1167 649 1265 690 liba.

203 730 206 733 ·
233 713 350 754 Tum
372 712 548 753 laudata
568 711 647 752 tibi
671 712 758 752 sint
781 725 864 752 ova
886 714 1092 762 recentia,
1117 727 1295 755 succum

236 777 350 819 Leni
370 778 475 831 igne
497 783 573 818 aut
595 776 730 817 libeat
755 777 938 818 modicis
961 777 1126 819 siccare
1148 779 1335 832 patellis,

236 843 406 896 Sugere
428 856 506 883 seu
529 842 707 883 mollem
732 842 866 895 pleno
890 842 947 883 sit
969 843 1136 896 gratius
1158 857 1257 893 ore;

234 908 487 961 Vtcumque
509 906 716 948 absumas
742 906 824 947 erit
847 906 965 948 utilis
987 921 1090 948 esca
1113 908 1254 949 saluti.

235 972 367 1015 Culta
388 972 653 1022 suburbano,
678 972 894 1025 riguoque
915 972 1104 1013 virentia
1123 974 1168 1013 in
1191 974 1317 1015 horto

235 1037 368 1078 Adde
391 1038 510 1078 olera
532 1044 575 1078 et
598 1036 772 1090 pubens
796 1037 984 1077 decusso
1006 1037 1112 1078 flore
1135 1038 1355 1091 legumen.

236 1102 369 1144 Adde
390 1116 528 1143 novos
551 1115 662 1156 quos
685 1102 803 1143 laeta
826 1102 962 1143 refert
985 1102 1063 1142 tibi
1084 1103 1214 1144 vinea
1235 1104 1419 1153 fructus,

238 1168 404 1208 Dulces
427 1167 666 1220 pampinea
688 1167 923 1220 decerptos
945 1168 1034 1208 vite
1057 1181 1268 1217 racemos,

237 1233 382 1273 Pruna
404 1232 597 1273 admixta
619 1232 753 1287 pyris,
778 1233 995 1285 imprimis
1019 1233 1141 1273 mitia
1163 1247 1307 1286 poma,

237 1297 365 1351 Quae
387 1297 538 1351 pulcre
560 1297 604 1338 in
627 1297 750 1338 cistis
774 1310 973 1338 mensam
997 1297 1242 1339 rubicunda
1265 1306 1490 1340 coronent.

237 1362 464 1404 Postremo
487 1375 511 1403 e
532 1362 659 1403 tostis
684 1362 895 1403 succedat
918 1362 1039 1416 potio
1061 1363 1221 1413 baccis,

237 1426 361 1481 Quas
382 1427 462 1469 tibi
484 1427 622 1468 Moka
644 1427 770 1468 ferax
792 1441 817 1468 e
840 1427 986 1468 littore
1009 1427 1142 1468 mittit
1166 1428 1260 1469 Eoo
1278 1442 1286 1469 :

237 1492 502 1546 Nigrantem
524 1492 701 1534 laticem
725 1493 889 1533 sensim
914 1492 1185 1547 summisque
1208 1493 1378 1534 labellis

236 1557 448 1606 Sorbilla;
480 1557 620 1599 dulcis
646 1557 923 1598 stomachum
950 1557 1064 1598 bene
1088 1558 1253 1599 molliet
1276 1559 1472 1600 haustus.

235 1621 307 1663 De
327 1622 451 1663 tenui
470 1623 590 1663 victu
612 1623 722 1664 haec
745 1629 911 1671 teneas,
937 1623 1006 1663 his
1029 1629 1152 1664 utere
1173 1629 1307 1673 tutus,

235 1687 310 1728 Ad
333 1701 476 1728 seram
499 1694 547 1728 ut
567 1687 717 1728 valeas
741 1701 876 1728 sanus
900 1694 1175 1742 vegetusque
1198 1696 1433 1730 senectam.

291 1752 357 1794 At
378 1759 532 1794 contra
551 1751 683 1806 (haec
707 1753 884 1806 sapiens
910 1759 1066 1806 argute
1089 1753 1280 1794 addebat
1304 1753 1501 1810 Ofellus)

236 1818 428 1859 Nectere
450 1824 554 1859 nata
576 1818 713 1867 dolos,
739 1818 941 1860 homines
966 1824 1010 1859 et
1031 1818 1216 1871 perdere
1238 1825 1356 1867 nata,

234 1883 428 1925 Vitanda
451 1883 691 1936 Ingluvies‚
717 1884 906 1926 crudelis
931 1890 974 1925 et
996 1883 1196 1937 improba
1219 1883 1359 1925 Siren.

236 1947 456 2002 Principio
478 1949 588 1990 haec
611 1949 672 1990 illi
695 1950 849 1991 sollers
873 1956 917 1991 et
940 1949 1094 1990 sedula
1115 1961 1232 1998 cura,

236 2013 462 2055 Instruere
484 2021 643 2056 ornatu
666 2028 844 2056 mensas
868 2014 1078 2068 cultuque
1101 2013 1295 2054 decoras.

236 2077 441 2132 Explicat
462 2080 571 2133 ipsa,
594 2080 726 2121 viden
744 2080 758 2121 ?
790 2079 930 2121 tonsis
954 2078 1163 2120 mantelia
1183 2078 1298 2119 villis
1318 2092 1326 2127 ;

235 2143 431 2185 Grandia
453 2145 649 2198 disponit
672 2145 808 2198 longo
829 2144 982 2186 ordine
1006 2143 1177 2197 pocula,
1202 2144 1363 2193 lances,

235 2208 441 2250 Caelatas
463 2223 571 2251 auro
593 2216 784 2263 pateras,
808 2215 1021 2262 argentea
1043 2222 1149 2249 vasa
1166 2222 1174 2257 ;

237 2274 398 2315 Mensa
417 2274 572 2330 thymo
595 2280 728 2328 atque
751 2275 852 2327 apio
875 2273 1045 2314 redolet
1071 2273 1317 2327 florumque
1340 2274 1527 2315 corollis.

237 2338 322 2380 His
345 2339 463 2381 laute
485 2340 723 2388 instructis,
748 2339 954 2379 simulata
974 2351 1084 2379 voce
1106 2337 1254 2380 locuta

235 2403 458 2447 Convivas
479 2404 614 2445 trahit
635 2403 836 2445 incautos
856 2417 864 2453 ;
905 2402 1143 2445 succedere
1164 2409 1295 2453 tecto,

833 2479 875 2516 57

1602 345 1644 367 20

1605 666 1645 700 25

1605 992 1647 1024 30

1607 1316 1646 1350 35

1604 1641 1648 1671 40

1603 1965 1644 1999 45

1603 2290 1644 2324 50
