1786 2780
116 407 154 440 55

116 1373 157 1406 70

117 1694 156 1730 75

117 2009 160 2042 80

557 148 676 181 CATO
706 149 859 180 MAIOR
890 149 953 180 DE
985 149 1252 181 SENECTVTE

288 258 345 298 Et
369 258 491 299 lectis
514 257 676 298 blanda
699 256 852 298 invitat
874 257 1148 298 discumbere
1169 257 1370 307 eburnis;

288 321 596 375 Continuoque
619 328 797 374 reposta
820 322 939 362 cadis
964 321 1202 363 lectissima
1222 323 1324 363 vina

288 386 492 427 Caecuba
515 386 746 439 depromit,
772 387 999 440 Coumque
1020 394 1238 440 vetusque
1261 387 1513 437 Falernum,

286 450 406 504 Quin
429 450 645 504 exquisita
668 450 854 491 stillatos
877 457 969 492 arte
991 451 1181 504 liquores

285 515 323 556 E
347 523 491 556 musto
515 522 559 556 et
582 516 736 568 pomis,
762 515 875 556 ultro
900 515 1153 568 potantibus
1176 515 1320 556 offert.

285 580 508 622 Convivae
534 580 791 620 humectant
815 579 1014 620 certatim
1037 586 1229 633 guttura,
1251 586 1296 621 et
1316 592 1406 621 una

284 644 500 686 Succosas
523 644 652 684 avido
676 644 916 697 degustant
938 657 1012 684 ore
1036 644 1275 697 placentas.

285 709 402 750 Ecce
425 715 572 749 autem
600 709 808 749 Lucanus
832 722 950 761 aper,
975 709 1183 762 perfusus
1205 708 1382 750 abunde

286 773 484 814 Mordaci
507 774 659 826 pipere
683 779 815 826 atque
838 773 948 822 oleo,
972 773 1195 826 profertur
1216 772 1428 822 edendus,

285 838 344 878 Et
366 838 565 891 leporum
587 838 777 891 pingues
802 838 922 887 armi,
947 843 991 878 et
1013 837 1132 878 iecur
1153 838 1321 878 anseris
1342 836 1442 887 albi,

283 902 477 956 Assique
499 903 544 942 in
565 902 754 943 verubus
778 901 907 951 turdi,
933 901 1137 956 niveique
1161 893 1363 942 columbi.

284 967 501 1008 Carnibus
523 966 705 1007 admixti
729 967 896 1019 pisces3
931 980 1031 1007 cum
1052 967 1215 1012 murice
1237 965 1422 1016 rhombi,

285 1031 458 1080 Ostrea,
482 1038 526 1072 et
547 1031 693 1072 educti
719 1031 894 1072 Miseno
917 1045 940 1071 e
963 1031 1138 1084 gurgite
1159 1030 1315 1072 echini.

286 1096 383 1137 Hos
406 1109 550 1149 super,
573 1095 778 1136 immanis
802 1097 954 1149 patina
975 1101 1176 1149 porrecta
1197 1094 1367 1144 nitenti,

283 1160 488 1213 Apparet
510 1160 689 1214 squillas
712 1162 826 1201 inter
849 1173 1059 1201 muraena
1080 1166 1295 1201 natantes.

285 1224 500 1266 Attonitis
522 1225 694 1265 inhiant
717 1225 878 1275 oculis;
913 1230 1166 1265 saturantur
1187 1225 1357 1278 opime;

285 1289 455 1331 Cuncta
476 1295 634 1330 vorant
656 1302 796 1342 usque
819 1289 875 1329 ad
897 1289 1101 1339 fastidia;
1137 1289 1311 1342 iamque
1336 1289 1488 1344 Lyaeo

286 1353 433 1394 Inflati
453 1367 589 1394 venas
612 1353 757 1403 nimio,
783 1353 1058 1407 dapibusque
1081 1352 1253 1406 gravati

287 1418 483 1471 Surgunt
505 1419 728 1468 convivae,
754 1424 919 1459 temere
942 1413 1278 1459 bacchantur'in
1300 1417 1413 1467 aula,

287 1483 453 1523 Insana
475 1489 518 1524 et
539 1483 712 1535 pugiles
735 1482 848 1523 inter
870 1496 918 1523 se
940 1482 1081 1535 iurgia
1102 1482 1301 1531 miscent,

287 1547 467 1588 Defessi
488 1547 628 1588 donec
653 1547 882 1602 lymphata
905 1553 1053 1588 mente
1075 1547 1316 1600 quiescunt.

287 1612 427 1653 Laeta
449 1612 598 1652 dolum
623 1611 848 1665 Ingluvies
872 1611 996 1660 ridet,
1020 1610 1106 1651 iam
1127 1611 1246 1652 facta
1267 1623 1446 1652 suorum

286 1677 479 1729 Compos
500 1682 713 1725 votorum,
738 1682 782 1717 et
805 1676 981 1729 gaudet,
1006 1689 1174 1716 memor
1195 1676 1300 1716 artis
1321 1675 1510 1730 iniquae,

287 1741 379 1783 Ceu
402 1747 558 1782 nautas
581 1741 749 1782 tumida
774 1747 1010 1794 pereuntes
1033 1740 1236 1794 aequoris
1257 1740 1387 1790 unda,

288 1806 492 1859 Mergere
514 1805 720 1846 convivas
743 1806 927 1846 miseros
952 1805 1033 1846 sub
1055 1804 1231 1858 gurgite
1251 1810 1386 1846 tanto.

288 1870 403 1911 Nam
426 1870 570 1911 subito
592 1870 808 1911 exsudant
831 1870 1099 1923 praecordia,
1123 1875 1167 1910 et
1188 1869 1329 1910 excita
1349 1869 1449 1911 bilis

288 1935 326 1976 E
348 1935 491 1976 iecore
512 1934 556 1975 in
580 1935 854 1975 stomachum
879 1935 1002 1987 larga
1025 1933 1174 1983 affluit,
1196 1934 1270 1974 ilia
1290 1939 1477 1988 torquet,

290 2000 623 2053 Immanemque
646 1999 731 2040 ciet
754 2006 972 2040 commoto
995 2005 1151 2040 ventre
1172 1998 1434 2049 tumultum;

290 2064 492 2105 Membra
513 2064 663 2105 labant
685 2063 863 2113 incerta,
889 2070 1069 2116 stupent
1092 2063 1302 2117 pallentia
1324 2068 1367 2104 et
1388 2075 1476 2104 ora.

288 2129 483 2182 Corpore
506 2128 567 2169 sic
591 2129 748 2169 misere
771 2129 983 2170 exhausto
1006 2128 1249 2182 fractoque,
1276 2126 1382 2181 quid
1403 2127 1518 2168 ultra

287 2193 467 2234 Audeat
491 2192 746 2246 Ingluvies?
810 2193 975 2246 Ipsum,
1000 2193 1110 2246 proh
1135 2192 1352 2234 dedecus!
1385 2192 1531 2245 ipsum

289 2257 449 2311 Figere
471 2258 617 2306 humo,
642 2270 692 2298 ac
713 2255 906 2310 (tantum
929 2258 966 2297 si
987 2256 1078 2310 fas)
1098 2257 1355 2310 extinguere
1377 2256 1500 2297 malit

291 2322 590 2363 Immortalem
613 2322 820 2371 animum,
845 2321 1018 2362 divinae
1041 2321 1300 2374 particulam
1323 2333 1468 2363 aurae.

883 2455 925 2500 58
