1786 2780
219 147 378 189 §80-81]

699 146 745 179 M.
774 146 912 178 TVLLI
944 145 1189 178 CICERONIS

273 258 340 299 80.
386 256 482 298 Nec
516 269 621 297 vero
656 256 872 296 clarorum
904 255 1095 296 virorum
1127 261 1229 309 post
1259 262 1445 297 mortem
1485 255 1676 298 honores

218 331 541 380 permanerent,
575 324 612 365 si
642 324 750 364 nihil
775 337 926 365 eorum
958 323 1154 377 ipsorum
1183 323 1316 365 animi
1337 323 1564 366 efficerent
1586 337 1676 378 quo

218 394 380 435 diutius
403 393 656 434 memoriam
683 393 750 433 sui
775 399 1038 433 teneremus.

1102 392 1216 433 Mihi
1236 393 1413 446 quidem
1434 405 1675 447 numquam

218 462 472 517 persuaderi
504 461 647 515 potuit
675 460 856 510 animos,
890 461 995 501 dum
1027 460 1070 501 in
1101 461 1357 514 corporibus
1387 466 1538 502 essent
1565 473 1677 502 mor·

185 531 390 580 Stalibus,
420 530 580 579 vivere,
616 543 715 571 cum
753 530 1043 570 excessissent
1078 543 1131 570 ex
1163 530 1238 579 eis,
1273 529 1421 579 emori,
1458 542 1541 571 nec
1570 541 1675 571 vero

218 607 310 641 tum
347 600 540 640 animum
579 611 676 639 esse
712 598 992 652 insipientem
1024 611 1124 639 cum
1156 611 1209 639 ex
1239 598 1463 651 insipienti
1493 610 1677 652 corpore

218 668 441 717 evasisset,
470 667 548 709 sed
579 680 677 708 cum
709 666 830 708 omni
854 667 1121 708 admixtione
1147 667 1342 720 corporis
1366 666 1576 708 liberatus
1600 680 1679 721 pu-

218 751 292 778 rus
316 743 362 778 et
384 738 557 789 integer
584 749 682 777 esse
709 735 941 789 coepisset,
964 742 1058 776 tum
1081 748 1179 777 esse
1204 735 1462 788 sapientem.
1525 735 1678 790 Atque

218 806 351 848 etiam
387 819 486 847 cum
523 804 713 846 hominis
749 811 907 845 natura
946 811 1086 845 morte
1126 803 1388 854 dissolvitur,
1431 809 1676 845 ceterarum

167 891 206 914 xo
218 888 363 916 rerum
385 874 668 928 perspicuum
695 880 763 915 est
787 887 875 927 quo
897 887 1099 927 quaeque
1120 868 1340 922 discedat;
1373 872 1539 914 abeunt
1558 871 1677 914 enim

218 944 319 984 illuc
351 943 499 984 omnia
530 942 647 983 unde
673 949 770 983 orta
802 949 917 992 sunt,
940 941 1112 983 animus
1138 948 1285 982 autem
1311 941 1442 991 solus,
1468 954 1552 983 nec
1575 953 1678 983 cum

218 1013 343 1053 adest
364 1025 446 1053 nec
467 1025 567 1052 cum
589 1010 801 1060 discessit,
825 1017 1022 1064 apparet.

277 1083 343 1124 81.
389 1081 483 1121 Iam
510 1093 614 1121 vero
642 1079 801 1121 videtis
830 1080 940 1129 nihil
970 1093 1069 1121 esse
1099 1079 1229 1121 morti
1255 1086 1346 1121 tam
1379 1079 1520 1121 simile
1544 1092 1678 1134 quam

219 1163 435 1192 somnum.
499 1148 640 1202 Atqui
690 1148 1001 1190 dormientium
1051 1149 1186 1190 animi
1226 1149 1414 1189 maxime
1452 1148 1680 1190 declarant

219 1219 494 1260 divinitatem
528 1230 677 1266 suam;
710 1218 848 1258 multa
869 1219 1000 1267 enim,
1025 1231 1124 1258 curn
1148 1218 1318 1259 remissi
1341 1224 1386 1258 et
1417 1216 1542 1258 liberi
1561 1222 1677 1266 sunt,

218 1288 368 1328 futura
401 1286 688 1340 prospiciunt.

187 1367 320 1401 scum
352 1369 399 1397 se
430 1356 562 1409 plane
594 1368 827 1408 corporum
858 1355 1043 1396 vinculis
1080 1355 1383 1396 relaxaverint.

753 1286 821 1327 Ex
842 1300 929 1340 quo
950 1286 1221 1339 intellegitur
1246 1286 1398 1340 quales
1418 1285 1556 1326 futuri
1576 1284 1678 1335 sint,

1446 1354 1610 1409 Quare,
1641 1353 1680 1396 si

221 1426 329 1466 haec
360 1426 421 1465 ita
452 1430 566 1473 sunt,
591 1425 652 1464 sic
684 1437 755 1465 me
786 1424 989 1473 colitote,’
1012 1424 1166 1478 inquit,
1201 1427 1275 1465 ‘ut
1304 1424 1460 1474 deum;
1492 1423 1560 1465 sin
1590 1435 1681 1465 una

220 1501 287 1536 est
311 1494 567 1534 interiturus
591 1494 763 1534 animus
785 1506 885 1534 cum
911 1506 1107 1546 corpore,
1130 1507 1209 1534 vos
1229 1499 1378 1534 tamen
1403 1493 1511 1534 deos
1529 1505 1682 1534 veren-

275 1600 340 1632 80.
375 1600 447 1632 Nec
471 1607 556 1632 vero
587 1623 595 1631 .
627 1623 635 1631 .
669 1610 701 1631 .:
738 1597 785 1632 2d
813 1609 917 1644 argu-

220 1658 330 1695 ment,
347 1651 486 1697 aiming
509 1656 547 1685 to
572 1656 726 1686 account
745 1650 801 1685 for
816 1657 917 1696 post-

221 1705 374 1740 humous
401 1704 495 1739 fame
523 1699 571 1739 on
601 1704 664 1739 the
689 1705 916 1749 assumption

221 1759 300 1793 that
317 1759 378 1793 the
396 1758 475 1793 soul
493 1757 534 1793 of
546 1757 608 1792 the
626 1757 805 1792 deceased
821 1769 918 1792 exer-

220 1812 313 1848 cises
326 1823 373 1846 an
387 1811 565 1846 influence
575 1822 675 1856 upon
686 1811 746 1845 the
757 1823 917 1857 memory

220 1866 330 1901 ofthe
341 1865 562 1910 living—3.
578 1866 672 1898 Mihi
680 1866 825 1907 quidem
838 1891 845 1899 .
861 1891 869 1898 .
884 1891 892 1898 .
906 1878 914 1899 :

220 1920 267 1964 3d
282 1919 396 1961 head3
416 1918 671 1964 impossibility
682 1918 723 1953 of
735 1918 918 1964 believing

220 1972 298 2007 that
320 1972 381 2006 the
404 1971 483 2006 soul
505 1971 595 2006 lives
620 1972 694 2006 and
717 1972 747 2006 is
768 1973 916 2017 sapiens

219 2026 305 2071 only
337 2025 442 2059 when
475 2024 646 2059 confined
687 2024 813 2059 within
854 2025 916 2059 the

220 2079 330 2124 body.
342 2088 433 2119 —5.
454 2079 695 2112 excessissent
712 2088 757 2112 ex
773 2079 847 2112 eis:
867 2077 913 2113 cf.

219 2133 274 2174 82,
296 2135 452 2175 13.—6.
480 2133 734 2175 insipientem:
759 2134 917 2167 ‘uncon-

219 2185 465 2227 scious.'—7.
497 2187 698 2220 evasisset:
729 2185 776 2221 cf.
800 2186 855 2227 81,
880 2195 913 2230 5.

217 2249 308 2281 —7.
342 2240 427 2273 sed:
467 2238 552 2274 ‘but
579 2239 722 2281 rather,'
752 2238 834 2273 ‘but
867 2249 915 2273 on

218 2291 281 2327 the
307 2293 499 2337 contrary,'
530 2303 582 2327 sc.
614 2294 838 2337 persuasum
866 2295 917 2325 est

218 2345 421 2380 nu'lzi.-8.
451 2346 570 2387 Atque
598 2346 711 2379 etiam
730 2370 738 2378 .
761 2370 769 2378 .
791 2357 823 2378 .:
850 2344 914 2387 4th

218 2401 240 2419 “
251 2398 385 2444 proof''
397 2411 406 2443 3
422 2398 485 2433 the
495 2398 577 2433 soul
588 2398 720 2444 always
734 2397 914 2433 invisible.

984 1598 1144 1633 whereas
1167 1598 1230 1633 the
1250 1598 1426 1633 elements
1446 1596 1565 1633 which
1582 1608 1681 1634 oom-

983 1663 1073 1697 pose
1091 1652 1152 1686 the
1171 1651 1270 1697 body
1286 1662 1369 1697 may
1385 1651 1432 1686 be
1448 1650 1571 1686 traced
1587 1661 1681 1686 even

983 1704 1074 1739 after
1089 1705 1320 1740 dissolution.

1039 1759 1103 1792 81.
1126 1760 1296 1793 Iamvero
1316 1783 1325 1792 .
1347 1783 1356 1792 .
1378 1771 1410 1792 .:
1431 1757 1494 1803 5th
1511 1756 1680 1803 “proof‚”

985 1811 1078 1847 from
1100 1811 1254 1854 dreams,
1271 1811 1345 1846 and
1366 1811 1430 1846 the
1454 1810 1680 1846 intimations

985 1865 1071 1911 they
1095 1866 1178 1911 give
1207 1865 1250 1900 of
1273 1865 1368 1899 what
1397 1864 1498 1899 mind
1526 1875 1610 1910 may
1633 1863 1683 1900 be

985 1919 1091 1953 when
1100 1918 1316 1964 completely
1326 1917 1426 1953 freed
1437 1917 1528 1953 from
1539 1922 1680 1952 matter.

985 1973 1099 2017 Cyrus
1114 1972 1186 2006 had
1200 1972 1293 2006 been
1306 1970 1451 2005 warned
1467 1970 1506 2005 in
1521 1981 1545 2005 a
1555 1970 1679 2006 dream

984 2025 1026 2059 of
1039 2025 1095 2060 his
1112 2024 1360 2070 approaching
1376 2023 1486 2058 death
1502 2023 1575 2069 (lae.
1594 2023 1628 2066 8,
1645 2032 1679 2067 7,

985 2079 1037 2121 2).
1045 2089 1135 2119 —3.
1163 2079 1326 2112 remissi:
1353 2077 1410 2112 for
1425 2075 1488 2112 the
1500 2075 1681 2122 opposite,

983 2133 1154 2174 intentus,
1179 2131 1225 2166 cf.
1253 2140 1309 2176 37,
1334 2141 1369 2175 3.
1381 2139 1471 2172 -5
1501 2130 1679 2165 vinculis:

984 2184 1030 2219 cf.
1066 2195 1115 2219 ou
1151 2194 1205 2228 77,
1239 2185 1271 2218 6.
1282 2188 1373 2217 —6.
1415 2185 1523 2218 haec:
1563 2182 1681 2218 ‘what

985 2239 999 2272 I
1033 2237 1124 2272 have
1157 2237 1258 2279 said,'
1292 2238 1351 2271 i.e.
1382 2236 1446 2272 the
1477 2236 1549 2271 five
1575 2247 1681 2282 argu-

983 2296 1102 2325 ments
1131 2291 1240 2336 given
1273 2290 1329 2325 for
1356 2290 1418 2324 the
1446 2289 1681 2335 immortality

983 2343 1025 2378 of
1048 2343 1109 2378 the
1138 2344 1328 2378 soul.—6.
1355 2344 1501 2378 nolitote
1525 2369 1536 2378 .
1564 2368 1574 2377 .
1603 2368 1614 2377 .
1638 2343 1682 2378 ut

983 2398 1107 2431 deum:
1134 2408 1156 2431 a
1169 2397 1276 2432 much
1289 2402 1457 2443 stronget
1467 2395 1680 2442 expression

920 2464 982 2500 ¹5²

1780 2132 1786 2191 ——
1779 1841 1786 2111 —--——-—...s
1784 1797 1786 1805 Δ
