1786 2780
507 166 626 198 CATO
659 165 813 198 MAIOR
843 165 907 197 DE
938 165 1206 198 SENECTVTE
1495 167 1533 209 [§
1549 176 1593 209 43

123 276 308 318 bricium
339 276 470 331 quod,
503 290 603 317 cum
645 276 764 329 apud
805 288 957 329 regem
994 275 1211 330 Pyrrhum
1249 276 1423 330 legatus
1460 284 1590 327 esset,

124 345 320 387 audisset
350 359 376 387 a
406 345 623 387 Thessalo
656 345 795 387 Cinea
826 357 924 385 esse
956 344 1178 398 quendam
1210 345 1404 386 Athenis
1437 347 1513 400 qui
1544 360 1592 388 se

125 415 369 468 sapientem
404 415 696 468 profiteretur,
723 426 914 467 eumque
942 413 1088 454 dicere
1115 414 1264 454 omnia
1289 428 1403 468 quae
1427 415 1593 456 facere-

124 496 223 525 mus
245 483 301 524 ad
322 483 596 536 voluptatem
618 496 717 524 esse
738 482 985 524 referenda.
1050 482 1183 536 Quod
1211 496 1266 523 ex
1286 496 1338 524 eo
1361 484 1592 525 audientes

127 552 202 594 Μ’.
230 552 410 594 Curium
437 558 482 593 et
507 552 573 592 Ti.
600 551 930 594 Coruncanium
959 557 1115 604 optare
1144 551 1296 592 solitos
1322 558 1371 593 ut
1400 552 1444 593 id
1472 553 1593 595 Sam-

123 620 286 662 nitibus
326 620 500 674 ipsique
543 621 711 676 Pyrrho
752 619 1104 674 persuaderetur,
1139 634 1226 674 quo
1268 621 1442 662 facilius
1476 622 1593 663 vinci

125 695 320 744 possent,
344 703 444 730 cum
476 703 524 731 se
553 689 855 743 voluptatibus
887 688 1126 730 dedissent.
1189 690 1371 731 Vixerat
1405 691 1480 731 Μ’.
1510 691 1592 733 Cu-

123 759 214 799 rius
236 772 336 799 cum
360 759 404 799 P.
431 758 583 808 Decio,
607 758 683 812 qui
704 759 1008 812 quinquennio
1034 764 1138 799 ante
1167 772 1269 800 eum
1295 760 1521 801 consulem
1545 773 1592 801 se

124 839 204 881 pro
231 840 277 868 re
303 827 481 881 publica
507 833 663 881 quarto
691 828 924 868 consulatu
951 827 1190 868 devoverat
1205 842 1214 878 ;
1247 835 1377 869 norat
1401 829 1591 870 eundem

126 896 367 946 Fabricius,
400 903 528 937 norat
559 896 890 947 Coruncanius;
929 896 1005 950 qui
1035 910 1136 937 cum
1168 910 1222 938 ex
1254 911 1334 937 sua
1365 898 1466 947 vita,
1497 905 1591 939 tum

123 978 176 1006 ex
205 965 298 1007 eius
326 978 457 1019 quem
483 965 582 1006 dico
607 964 719 1006 Deci
743 965 864 1006 facto
889 965 1144 1007 iudicabant
1172 979 1270 1007 esse
1297 967 1498 1020 profecto
1521 968 1593 1008 ali-

124 1034 229 1089 quid
257 1041 417 1076 natura
441 1034 676 1088 pulchrum
703 1042 837 1089 atque
863 1035 1152 1088 praeclarum,
1177 1036 1295 1089 quod
1324 1050 1404 1077 sua
1433 1043 1592 1090 sponte

122 1139 223 1172 tum:
265 1149 315 1173 sc.
340 1148 437 1180 esse3
477 1136 523 1172 cf.
551 1137 671 1172 solitos
700 1136 823 1182 (esse),

122 1191 147 1226 1.
164 1200 302 1236 7.-4,
330 1193 528 1235 quendam:
554 1192 613 1225 τῖε.
634 1191 822 1236 Epicurus,

122 1245 243 1280 whom
285 1245 378 1280 Cato
421 1245 548 1280 avoids
595 1244 824 1290 mentioning

124 1298 173 1345 by
190 1310 317 1343 name3
340 1298 386 1334 cf.
403 1300 506 1341 Intr.‚
522 1298 541 1340 ξ
557 1307 717 1344 57.-5.
745 1307 825 1341 pro-

122 1353 304 1387 fiteretur:
345 1352 406 1387 the
430 1352 533 1387 usual
559 1351 647 1387 verb
671 1352 709 1386 in
734 1352 822 1387 such

123 1405 374 1442 connections.
423 1406 504 1440 The
522 1417 620 1440 noun
632 1406 825 1452 prqfessor

122 1471 196 1495 was
211 1465 276 1495 not
293 1465 354 1506 yet
367 1459 403 1494 in
418 1471 483 1494 use
496 1459 533 1493 in
548 1459 706 1494 Cicero's
724 1459 822 1494 time.

122 1513 204 1548 The
241 1513 536 1548 two-accusative
573 1512 823 1548 construction

122 1567 154 1602 is
181 1572 275 1602 most
300 1566 484 1612 frequent3
512 1577 586 1601 esse
610 1566 640 1601 is
666 1566 743 1602 also
769 1566 824 1600 in-

122 1620 245 1656 serted
282 1619 346 1666 (cf.
377 1621 480 1655 Verr.
514 1630 548 1664 3,
581 1622 683 1664 217),
717 1620 824 1655 while

126 1674 300 1720 prefiteri
334 1673 609 1719 philosophiam
646 1673 711 1720 (cf.
744 1675 820 1708 Pis.

124 1727 187 1772 71)
204 1727 325 1762 shows
338 1727 494 1762 another
508 1727 824 1762 construction.—

123 1791 156 1823 5.
185 1790 353 1824 eumque:
379 1792 462 1826 -que
478 1780 642 1826 acquires
656 1781 824 1816 adversa-

123 1835 196 1870 tive
216 1834 314 1870 force
332 1834 436 1869 when
456 1833 483 1868 it
504 1840 678 1869 connects
699 1834 824 1881 things

123 1888 264 1934 usually
282 1887 565 1931 irreconcilable‚
585 1899 625 1923 or
650 1889 713 1923 the
739 1899 824 1923 con-

124 1953 293 1978 currenoe
305 1941 348 1977 of
359 1941 477 1976 which
492 1947 630 1977 creates
644 1941 800 1986 surprise
813 1954 821 1985 ς

125 1995 170 2031 cf.
202 2005 255 2040 13,
284 2005 345 2030 10:
376 1996 659 2040 varmum—5.
688 1997 823 2029 dicere:

125 2049 231 2085 made
249 2049 396 2095 parallel
414 2048 500 2083 with
518 2060 600 2092 esse,
615 2049 758 2084 instead
775 2049 817 2085 of

125 2102 341 2149 continuing
364 2102 428 2137 the
447 2102 597 2137 relative
618 2103 738 2138 clause
759 2104 827 2148 qui

128 2157 382 2202 profiteretur.
395 2166 486 2198 —5.
522 2156 739 2191 faceremus:
770 2156 826 2191 for

125 2210 188 2245 the
227 2220 420 2255 sequence,
453 2209 606 2245 observe
642 2210 720 2245 that
762 2210 825 2245 the

126 2262 231 2298 effect
263 2262 306 2299 of
332 2263 469 2297 audivi
498 2263 542 2309 (l.
574 2264 611 2308 1)
641 2263 714 2299 still
739 2275 826 2299 con-

126 2317 360 2351 tinues.—6.
395 2318 441 2351 ad
474 2318 721 2360 voluptatem:
762 2318 824 2352 the

126 2370 228 2405 usual
278 2370 624 2415 misinterpretation
674 2370 716 2406 of
764 2371 825 2406 the

126 2423 316 2470 teachings
349 2423 392 2459 of
420 2424 610 2469 Epicurus,
637 2425 719 2460 who
752 2436 824 2459 was

892 1142 958 1172 not
982 1148 1004 1172 a
1029 1137 1173 1173 sensual
1198 1149 1294 1182 man,
1313 1139 1386 1173 and
1405 1145 1527 1174 meant
1544 1139 1594 1186 by

892 1187 1002 1238 ἡδονή
1047 1191 1258 1238 something
1298 1203 1384 1238 very
1425 1192 1593 1228 different

892 1244 983 1280 from
1009 1245 1072 1280 the
1097 1245 1280 1290 pleasures
1306 1245 1347 1280 of
1372 1257 1500 1289 sense3
1544 1246 1591 1282 cf.

891 1298 993 1332 Lael.
1029 1308 1094 1343 32:
1129 1300 1197 1344 qui
1211 1300 1396 1344 pecudum
1423 1301 1503 1334 ritu
1534 1301 1589 1334 ad

892 1352 1117 1397 voluptatem
1150 1354 1275 1386 omnia
1308 1353 1503 1399 reserunt5
1545 1353 1591 1388 cf.

892 1416 941 1440 on
965 1415 1023 1450 45,
1049 1406 1090 1440 8;
1123 1406 1307 1440 metiebar.
1323 1417 1413 1448 —7.
1442 1408 1593 1442 solitos:

892 1459 1109 1505 continuing
1126 1459 1189 1494 the
1206 1460 1456 1495 construction
1475 1460 1516 1496 of
1527 1473 1594 1495 au-

891 1514 975 1547 divi
999 1513 1039 1558 (l.
1066 1515 1215 1558 1).—9.
1245 1514 1394 1548 Vixerat
1412 1539 1419 1547 .
1439 1540 1446 1547 .
1467 1540 1475 1547 .
1493 1524 1592 1548 cum:

891 1568 1017 1601 vivere
1040 1577 1123 1601 cum
1146 1566 1176 1601 is
1202 1572 1266 1602 not
1288 1572 1326 1602 to
1348 1567 1393 1603 be
1418 1568 1594 1603 confused

891 1620 978 1654 with
1026 1620 1193 1655 habitare
1240 1632 1322 1655 cum
1367 1621 1530 1667 (apud).
1547 1643 1595 1648 -

894 1685 945 1707 10.
970 1684 1053 1707 eum
1077 1675 1278 1708 consulem:
1321 1684 1389 1719 290
1415 1685 1505 1718 B.c.‚
1531 1675 1594 1711 the

891 1727 969 1762 first
986 1726 1029 1762 of
1044 1727 1203 1762 Curius's
1221 1728 1323 1763 three
1345 1729 1590 1775 consulships.

891 1793 1002 1815 —11.
1038 1783 1252 1815 devoverat:
1296 1782 1332 1815 in
1364 1782 1477 1817 battle
1506 1783 1593 1817 with

893 1835 1017 1878 Gauls,
1054 1835 1247 1874 Samnites,
1281 1835 1354 1869 and
1393 1837 1593 1872 Etruscans

897 1890 953 1935 (at
968 1888 1170 1932 Sentinum,
1187 1888 1274 1934 295)
1291 1901 1298 1931 3
1327 1888 1371 1924 cf.
1389 1898 1444 1934 75,
1459 1900 1478 1933 3
1494 1903 1500 1924 :
1521 1902 1593 1925 uon

891 1942 983 1976 duos
1006 1943 1145 1985 Decios,
1171 1943 1237 1988 qui
1258 1942 1313 1976 ad
1337 1942 1593 1978 voluntariam

893 1999 1044 2030 mortem
1061 2007 1211 2030 cursum
1229 2007 1403 2041 equorum
1421 1998 1594 2032 incitave-

892 2053 994 2092 runt,
1010 2074 1018 2083 .
1033 2074 1040 2082 .
1057 2074 1064 2082 .
1107 2050 1167 2084 On
1184 2049 1334 2092 devotio,
1354 2050 1399 2084 cf.
1417 2061 1465 2084 on
1483 2060 1539 2095 75,
1557 2061 1592 2095 3.

892 2123 938 2127 —
952 2115 1005 2136 11.
1033 2105 1137 2137 norat
1158 2128 1165 2136 .
1189 2128 1196 2136 .
1217 2128 1224 2136 .
1244 2105 1368 2137 norat:
1395 2104 1593 2149 anaphora,

893 2167 993 2192 more
1011 2156 1174 2192 effective
1195 2156 1284 2191 than
1305 2167 1326 2191 a
1343 2156 1592 2202 conjunction.

900 2222 1005 2252 —13.
1033 2220 1139 2253 quem
1155 2211 1257 2245 dico:
1286 2209 1347 2245 ‘of
1360 2210 1479 2245 whom
1500 2212 1513 2246 I
1535 2223 1592 2246 am

893 2263 1154 2310 speaking.'—
1168 2276 1220 2305 14.
1248 2266 1378 2298 natura
1396 2276 1403 2297 :
1431 2264 1469 2298 in
1488 2264 1593 2307 itself,

893 2317 1180 2364 independently
1198 2317 1239 2353 of
1260 2318 1322 2353 the
1342 2318 1547 2365 advantage
1568 2319 1595 2354 it

894 2371 1011 2418 might
1053 2371 1170 2418 bring.
1186 2392 1233 2397 —
1249 2383 1301 2413 14.
1338 2382 1404 2406 sua
1442 2375 1593 2415 sponte:

894 2424 1035 2460 ‘forits
1054 2436 1135 2460 own
1157 2425 1266 2468 sake,'
1287 2425 1438 2460 without
1465 2426 1594 2472 regard

827 2492 892 2528 109

1609 778 1649 801 10
